2716 4694
176 457 314 518 Fischer.
336 453 443 539 Orytt
461 453 501 516 de
523 452 658 517 Mesena.
679 454 744 516 tab.
767 411 880 541 tefig.
906 474 933 518 t.
1121 337 1191 414 ¹63

177 559 447 644 Milan-Edward.
468 559 555 622 Auct
576 557 615 622 de
636 558 891 624 Lamarck.'tom.
911 581 931 623 a
949 579 1024 644 pag.
1046 563 1119 625 322.

178 665 365 730 Volkmann.
387 666 474 728 Siles.
496 666 577 728 subt.
596 685 673 750 pag·
699 666 770 728 118.

210 789 508 895 Labyrinthicam
533 788 687 868 sormam
709 789 755 864 ad
780 789 874 866 hanc
891 793 1054 896 speciem
1080 794 1193 896 perti·

159 931 312 990 nentem
336 912 600 1016 impedimento
626 930 705 1010 est,
732 917 928 1017 quominus
950 913 1193 999 confundatur
1303 958 1305 962 ·

160 1062 244 1110 cum
267 1041 486 1138 catenipora
504 1032 740 1130 escharoide3
766 1055 949 1140 praeterea
966 1037 1068 1134 licet,
1085 1055 1123 1112 et
1140 1055 1193 1114 tu·

160 1157 238 1233 buli
266 1161 390 1233 saciati
409 1158 479 1233 dici
507 1177 642 1261 queant
662 1162 701 1233 in
721 1177 876 1261 utraque
899 1161 1045 1264 specie,
1073 1178 1194 1235 tamen

150 1279 328 1384 -paralieii
355 1280 425 1354 clici
441 1297 629 1383 nequeunt
647 1311 657 1377 ;
684 1281 730 1355 de
748 1276 886 1357 ostiolis
903 1280 998 1356 nulla
1015 1285 1193 1384 quaestio,

164 1405 236 1479 nisi
265 1402 366 1506 quod
391 1406 430 1478 in
454 1409 670 1508 catenipora
696 1401 935 1507 labyrinthica
965 1404 1086 1478 scabri
1111 1408 1192 1480 sint

216 1526 395 1600 Habitat.
420 1581 431 1600 .
457 1579 468 1599 .
490 1527 688 1630 Reperitnr
703 1527 739 1599 in
760 1525 864 1599 Italia
893 1543 931 1601 et
956 1554 1073 1630 prope
1101 1531 1194 1605 Gro-

161 1653 329 1748 ningen,
357 1651 491 1743 Caen,
513 1650 551 1721 in
576 1647 694 1722 insula
719 1648 965 1722 Drummondi
987 1664 1025 1722 et
1050 1647 1146 1723 alibi.

370 1791 682 1867 CATENIPORA
710 1789 993 1879 PULCHELLA

429 1944 532 1993 nonis
559 1918 685 2017 (Tab.
713 1917 736 1992 5
747 1919 823 2018 fig.
850 1921 916 2016 4.)

160 2063 309 2125 tamena
324 2061 497 2145 angulosis,
511 2062 591 2124 tabis
601 2063 903 2146 elongatis,parvis,
923 2060 1085 2146 confectio
1106 2083 1192 2128 oscu-

202 2169 242 2230 lis
262 2169 422 2247 avaliaas,
444 2181 533 2229 catus
548 2170 695 2253 perosis,
723 2169 850 2230 interius
871 2167 1071 2252 lamelliseris.

215 2296 338 2387 Quum
355 2296 492 2396 agimus
511 2293 558 2369 de
579 2291 647 2367 hac
667 2299 907 2397 εαιεηίρονα,
932 2311 1034 2397 patet
1055 2311 1192 2370 nostrae

164 2414 384 2501 definitionis
406 2419 479 2491 vim
498 2415 740 2520 repetendam
765 2442 873 2511 esse,
899 2442 942 2490 ex
957 2442 1001 2490 eo
1020 2415 1120 2516 quod
1144 2416 1193 2490 la·

162 2530 323 2643 byrintlii
341 2538 475 2614 formes
496 2566 570 2614 non
583 2541 657 2614 sint
671 2539 829 2632 lamina,
847 2536 913 2615 sed
931 2536 1117 2612 distinctas
1134 2563 1194 2612 an·

161 2659 331 2764 gaiorum
347 2663 528 2736 sectiones
551 2659 829 2752 demonstrent,
855 2677 963 2761 atque
987 2657 1108 2733 oscula
1129 2661 1193 2733 mi·

156 2801 248 2858 nuta
267 2801 378 2887 atque
395 2783 558 2858 conferta
579 2786 670 2859 sint:
697 2785 798 2886 prius
820 2799 1072 2885 argumentum
1096 2808 1194 2856 aaa·

160 2911 329 3009 teninara
347 2906 614 3008 labyrinthica,
631 2906 784 2982 alterum
801 2934 822 2980 a
837 2911 1052 3008 cateninora
1063 2903 1192 2980 escha-

159 3030 265 3106 roide
288 3048 368 3102 eam
393 3031 563 3103 secernit.

209 3149 398 3224 Habitat.
424 3205 435 3225 .
461 3206 471 3224 .
494 3150 690 3254 Reperitur
715 3153 752 3225 in
778 3148 868 3226 iocis
893 3175 1004 3254 supra
1030 3152 1128 3226 citat.

349 3292 654 3356 cantalenas
682 3293 1005 3359 nscnsltomsss

590 3444 759 3495 Lemnon

158 3563 349 3650 Catanipora
365 3563 477 3625 tabulis
492 3564 590 3646 longis
599 3610 609 3644 ‚
616 3565 802 3648 parallelis,
815 3545 953 3641 seriatis,
973 3561 1190 3646 subdepressis,

199 3671 234 3729 in
254 3669 389 3730 laminas
409 3666 673 3732 anastamasames
692 3670 865 3741 connexa,-
886 3669 997 3732 ascalis
1021 3669 1186 3750 matta,

199 3776 327 3865 interius
347 3777 482 3859 crispato
503 3776 642 3838 stellatas.

178 3902 269 3962 Lina.
290 3900 429 3964 Amaenit.
451 3901 554 3964 accad.
580 3924 591 3962 1
613 3922 689 3988 pag.
715 3903 771 3965 103
794 3901 858 3965 tab.
880 3903 902 3980 4
915 3900 973 3986 fig.
996 3922 1046 3964 πο.

179 4008 288 4092 Esper.
309 4007 423 4093 Zooph.
440 4010 487 4092 pt.
510 4009 530 4070 5
551 4007 602 4092 fig·
629 4030 654 4069 t.
