2716 4694
1134 346 1183 425 97

154 439 327 537 centriri,
348 438 384 515 vi
405 462 561 541 quonam
581 452 749 514 auctores
771 462 852 513 eam
871 436 1072 518 retulerunt
1090 441 1187 518 inter

152 567 347 666 qrcloldes
353 617 368 653 ,
383 558 631 655 attendantur;
648 558 872 634 iamellarnm
883 561 1102 636 minutarum
1117 589 1186 639 nu-

153 710 279 763 merus
301 710 379 789 prae
400 681 512 758 oculis
533 680 728 778 habeatur,
751 707 835 783 qnae
855 681 903 756 ad
924 681 1039 758 latera
1060 710 1187 787 granu·

154 808 243 885 lnsae
257 822 352 884 sunt
372 806 485 880 Varia
505 802 717 906 magnitudo
741 802 905 905 ejusdem
926 821 992 879 est

207 928 470 1006 Habitat...
501 927 697 1028 Reperitur
728 927 767 999 in
798 924 1060 1030 Delphinum,
1093 928 1185 1007 ealle

156 1050 409 1146 Taurinensi,
430 1050 525 1125 etin
546 1048 757 1123 Germania.

207 1175 303 1249 Mus.
335 1172 486 1246 Brittan.
523 1170 639 1245 Paris.
669 1167 829 1248 Berolin.
858 1169 1007 1248 Taurin.
1034 1170 1184 1250 Collect.

156 1293 336 1372 Mtctettu
351 1349 366 1385 ,
390 1295 509 1373 Vesta
518 1347 533 1383 ,
553 1289 772 1369 Mtctetout

440 1593 903 1687 ruueuanmrrlct

590 1764 758 1817 nautuctt

163 1931 288 2013 ''W“
315 1929 478 2014 emptica,
508 1950 637 2016 superne
672 1949 827 2012 convexa,
856 1931 988 1996 lamellis
1020 1931 1183 2015 obsoletis3

199 2038 314 2099 lucum
335 2036 464 2099 neutrali
483 2037 638 2121 elongata.

176 2226 340 2290 Lamarci.
361 2227 437 2289 Hist.
459 2229 509 2290 cit
531 2239 603 2290 tom.
624 2248 654 2290 a.
672 2246 747 2312 pag.
768 2226 843 2313 367.
864 2227 1068 2315 (cyclolites)

175 2334 359 2416 Flammiug.
380 2333 506 2395 Brittan.
527 2333 618 2395 anim.
635 2352 710 2417 pag.
733 2336 804 2397 310.

207 2539 345 2616 Nescio
368 2538 506 2642 quade
528 2566 636 2618 causa
668 2542 722 2616 vir
743 2539 838 2615 doct
858 2539 1017 2616 Fischer
1046 2549 1173 2639 cyclo·

159 2669 259 2738 litem
297 2667 492 2765 elliptt'nam
525 2681 562 2739 et
593 2661 907 2766 hemisphaericam
929 2661 1179 2764 conjunxerit;

159 2783 276 2859 forma
298 2787 410 2881 enim,
436 2803 473 2861 et
493 2785 717 2860 lamellarum
732 2811 901 2862 numerus
919 2787 1071 2862 diversae
1097 2801 1182 2863 sunt

156 2904 289 2982 indolis
304 2909 343 2982 in
362 2934 434 2982 una
455 2936 496 2984 ac
518 2909 558 2982 in
579 2907 691 2983 altera
707 2909 842 3011 specie.

207 3027 393 3105 Habitat.
419 3086 429 3106 .
455 3084 465 3106 .
491 3083 502 3106 .
528 3031 722 3135 Reponitur
747 3031 787 3106 in
807 3029 1061 3134 Delphinum,
1083 3046 1120 3107 et
1142 3033 1180 3106 in

159 3151 309 3251 Anglia.
