2716 4694
174 312 221 383 82

171 430 305 503 fatetur
326 425 529 524 grawaolce
569 423 614 497 ad
656 438 767 498 strata
779 420 989 524 fhssillsera
1026 420 1184 496 inferiora

171 553 382 655 pertinere,
409 551 458 621 ita
496 564 536 621 ut
568 546 642 620 haec
683 562 796 622 strata
822 547 1001 649 recipiant
1025 573 1108 649 quoe
1132 544 1184 622 sub

170 672 240 748 hac
266 671 536 772 nuncupatione
563 667 762 742 sedimento
800 671 946 743 veniunt
976 685 1089 771 atque
1112 696 1203 769 gro·¹

168 795 299 874 waclie
321 820 394 868 non
428 790 628 866 excludant.
655 792 829 865 Ceterum
854 791 1119 894 coryopltylllo
1141 819 1189 867 oo

167 925 278 991 nulus
312 915 520 990 sedimentis
541 911 780 988 carboniscris
808 912 957 1006 insidet,
983 930 1096 1016 atque
1122 940 1190 989 eam

168 1040 462 1112 concomitantur
488 1043 627 1137 juncea
659 1034 924 1136 eorropliylliu
952 1052 1062 1138 atque
1088 1039 1192 1139 dupli·

166 1176 265 1257 cata,
290 1165 528 1260 stellantique.
557 1160 598 1231 In
626 1164 770 1232 oolltloo
798 1175 906 1232 aetate·
917 1160 1040 1260 vigere
1065 1185 1189 1262 perge·

165 1281 230 1357 bat
255 1281 324 1355 hoo
352 1307 463 1384 genus
492 1283 529 1353 iu
556 1279 822 1382 caryophyllia
841 1281 1089 1378 Bebrissonli,
1109 1309 1189 1360 cou-

165 1429 303 1492 vexa,
326 1403 471 1476 aliisve:
499 1404 674 1477 cretaceis
702 1405 740 1475 in
767 1401 878 1476 rebus
906 1401 1029 1497 adest,
1052 1405 1107 1478 uti
1132 1420 1192 1479 tes·

165 1542 288 1600 tantur
314 1527 399 1599 Ami·
414 1527 515 1600 Bove'
534 1542 643 1626 atque
669 1527 812 1613 Rozet,
837 1527 895 1624 (1)
922 1550 1014 1628 quos
1042 1552 1191 1629 praeces

164 1664 263 1722 serat
287 1650 509 1722 Alexander
530 1650 735 1745 Brogniart
756 1648 825 1746 (2).
854 1648 896 1720 In
923 1650 1047 1723 stratis
1076 1665 1190 1725 autem

163 1795 275 1872 supra
302 1772 505 1865 cretaceis,
526 1770 581 1843 vel
608 1769 676 1842 alio
703 1771 850 1845 nomine
876 1771 1096 1864 diluvianis,
1120 1797 1191 1846 eam

161 1895 376 1965 invenerunt
401 1890 616 1994 jampridem
642 1893 753 1967 Scilla
787 1895 826 1964 in
852 1892 993 1987 Sicilia,
1028 1894 1189 1994 Borguel

164 2015 201 2086 in
227 2013 401 2087 Helvetia.

392 2237 741 2300 crurorurutrc
774 2198 1004 2303 cnutosn'

595 2451 758 2500 GOLDFUS

169 2614 281 2676 Crasso
308 2659 316 2690 ,
352 2613 465 2673 humile
502 2611 704 2695 deliquescens
734 2660 743 2691 ,
776 2615 1025 2676 striato-cariosa
1054 2643 1067 2686 ;
1104 2619 1190 2678 ramis

200 2721 372 2796 truncatis,
402 2719 560 2778 stellarum
583 2720 714 2779 lamellis
736 2719 965 2800 irregularibus.

180 2864 322 2946 Goldsus.
359 2863 518 2927 Petrelact.
549 2863 726 2927 Germaniae.
755 2886 830 2950 pag.
853 2867 894 2944 45
916 2866 1192 2946 (Lithodeudron)

178 2969 505 3031 Blalnville.ll1anuel.
536 2969 748 3053 d'actinologie
766 2993 841 3056 pag.
864 2971 935 3049 346.

179 3074 464 3138 Mileto-Edwards.
486 3076 608 3137 Auctor.
631 3077 670 3137 ad
691 3078 849 3140 Lamarek.
872 3089 947 3141 torn.
969 3101 999 3142 2.
1017 3101 1094 3166 pag.
1116 3081 1183 3146 358.

211 3217 398 3293 Habitat.
427 3274 435 3291 .
463 3274 472 3291 .
500 3274 509 3292 .
537 3221 737 3322 Reperitur
763 3225 799 3296 in
828 3223 1055 3317 Germania,
1083 3243 1188 3329 atque

163 3367 281 3442 prope
307 3343 476 3417 Parisios.

212 3465 305 3537 Mus.
321 3466 475 3540 Beroliu.
504 3469 693 3542 Parisiens.
720 3469 895 3544 Collectio
924 3469 1069 3569 Goldfi,
1090 3473 1187 3547 Mun·

164 3597 240 3657 ster
267 3602 336 3659 etc.

173 3893 215 3963 (1)
233 3898 321 3950 Bozet.
342 3898 433 3951 Traitc
453 3902 573 3953 lllinenr.
595 3905 626 3953 de
645 3904 768 3969 geologic.
789 3905 833 3956 cit.
853 3925 912 3974 pag.
933 3904 991 3973 34).

173 3984 215 4051 (2)
233 3987 386 4056 Borgniart.
406 3990 524 4044 Diotion.
545 3992 587 4042 des
607 3992 701 4044 scisne.
722 4002 810 4045 natur.
831 4005 889 4045 tom.
903 3995 943 4063 39.
