2716 4694
277 316 325 392 se

326 422 455 530 Quoad
480 457 599 530 axem,
624 434 820 512 discrimen
844 435 949 539 ponit
983 432 1172 511 Lamarclc
1209 434 1301 513 inter

263 564 497 660 gorgoniam,
514 576 623 660 atque
639 556 874 662 antipolleus,
897 556 996 660 qnod
1017 556 1097 632 hoec
1120 559 1169 634 sit
1189 562 1301 663 magis

270 686 460 777 continua,
492 685 714 782 vitreamque
738 680 933 755 fracturam
959 679 1146 776 exhibeat,
1176 701 1298 758 contra

271 806 310 879 in
331 811 529 905 gorgonia,
556 803 656 905 quod
680 801 782 906 hujus
806 830 874 878 nec
890 802 980 878 adeo
998 803 1295 903 solidamateria,

271 946 380 1029 atque
398 927 494 999 illam
514 927 665 999 vitream
689 927 920 1027 partitionem
940 953 1013 1000 non
1035 928 1294 1024 ostendat,sed

271 1051 421 1151 insuper
446 1045 687 1149 adjiciendum
714 1063 781 1140 est,
807 1049 843 1120 in
866 1051 918 1120 axi
936 1066 1098 1122 centrum
1108 1058 1296 1151 gorgonia

271 1170 552 1271 haudquaquam
571 1172 610 1243 in
625 1168 746 1242 medio
765 1190 858 1264 esse,
872 1169 1176 1271 quemadmodum
1192 1192 1250 1248 est
1265 1175 1298 1247 in

268 1292 469 1394 antipauthe,
497 1293 535 1364 in
555 1297 733 1386 corallio,
760 1293 798 1364 in
817 1292 928 1381 iside,
946 1290 1083 1367 sedvel
1100 1291 1148 1366 ad
1165 1321 1293 1391 unum,

268 1414 494 1489 veladaliud
519 1414 611 1489 latus
632 1415 795 1487 vertitur.
822 1415 918 1487 Hinc
943 1431 1055 1488 strata
1079 1440 1162 1515 quae
1186 1415 1294 1491 conli-

268 1539 369 1613 ciunt
390 1536 616 1640 polyparium
641 1533 919 1637 haudquaquam
945 1536 1138 1609 rotundatu
1150 1595 1162 1633 ‚
1184 1536 1294 1613 haud·

271 1686 453 1762 quaquam
470 1657 712 1758 cylindracea:
730 1675 906 1761 praeterea
928 1655 1071 1732 hicanis
1089 1661 1127 1731 in
1143 1659 1295 1734 nonnul·

267 1780 312 1857 lis
336 1767 527 1884 speciebus
553 1807 630 1854 non
652 1783 820 1854 continua
846 1783 995 1853 materia
1021 1780 1208 1883 repletur,
1235 1781 1297 1857 sed

270 1908 308 1978 in
335 1922 461 1977 centro
488 1928 618 1977 vacuus
645 1904 849 2004 reperitur,
876 1919 1003 1976 contra
1029 1930 1071 1977 ac
1097 1928 1137 1977 se
1165 1899 1294 1980 habeat

268 2029 308 2100 in
332 2023 553 2127 antipathe,
580 2027 616 2098 in
641 2029 805 2098 corallio.
831 2025 952 2126 Spinae
963 2081 975 2118 ,
998 2051 1081 2126 quae
1104 2024 1238 2102 adsunt
1259 2030 1295 2101 in

269 2147 459 2249 antipathe
486 2145 658 2220 deliciunt
688 2149 724 2219 in
753 2152 956 2246 gorgonia,
985 2173 1171 2223 ramorum
1202 2151 1293 2225 serie

274 2268 403 2344 eadem
429 2296 501 2343 non
529 2270 649 2343 estin
673 2285 828 2369 utroque
859 2294 1007 2370 genere.

189 2424 196 2436 ·
318 2393 515 2493 Gorgoniae
545 2393 694 2493 insuper
720 2391 908 2492 proprium
922 2409 989 2486 est,
1009 2407 1050 2464 ut
1065 2389 1220 2494 polypos
1235 2417 1290 2466 re·

264 2516 377 2616 cipiet
402 2513 537 2589 similes
565 2516 606 2588 iis
620 2569 631 2607 ,
645 2515 706 2616 qni
726 2514 765 2586 in
784 2519 947 2586 coralliis
970 2513 1122 2606 adsunt,
1141 2516 1291 2619 polypos

266 2656 386 2712 autem
411 2636 632 2739 antipathes,
657 2635 714 2709 vel
741 2661 782 2708 ex
804 2635 1012 2709 cellularum
1034 2637 1292 2738 dispositione,

266 2776 376 2860 atque
403 2761 534 2860 prioris
562 2760 759 2858 tegumenti
785 2783 847 2831 axe
873 2742 941 2832 alio
968 2757 1076 2832 modo
1099 2786 1137 2834 se
1161 2785 1202 2834 se
1231 2757 1290 2833 ha·

268 2878 371 2974 bere,
397 2879 453 2953 vel
479 2878 605 2953 saltem
633 2877 827 2982 dispositos
854 2907 948 2979 esse,
973 2883 1087 2985 ipsius
1114 2883 1291 2987 polyparii

268 3002 493 3103 investigatio
520 2999 689 3077 declarat.

314 3127 414 3199 Dum
439 3140 558 3198 autem
580 3126 618 3197 in
635 3131 826 3225 gorgonia
846 3153 980 3230 genere
1001 3153 1206 3226 versamur,
1229 3128 1290 3205 abs

265 3270 306 3319 re
331 3272 403 3319 non
429 3248 497 3321 erit
522 3248 638 3321 varias
666 3250 854 3350 opiniones
882 3252 977 3323 circa
1010 3247 1171 3350 ejusdem
1204 3251 1290 3326 divi·

266 3369 405 3441 sionem
430 3367 672 3471 perpendere,
698 3387 750 3466 ut,
775 3373 821 3443 iis
848 3375 1051 3474 perpensis,
1079 3399 1161 3473 quae
1184 3377 1291 3450 tutior

266 3492 325 3582 sit,
351 3488 487 3566 facilins
515 3517 693 3594 apparere
719 3510 756 3566 et
782 3493 948 3595 amplecti
974 3496 1169 3596 possimus.

313 3611 468 3686 Putabat
483 3614 667 3716 Deffrance
681 3616 738 3715 (1)
754 3614 841 3690 duas
860 3619 1059 3690 consistere
1076 3643 1187 3719 posse
1201 3645 1287 3718 gor·

261 3737 382 3832 gonioe
415 3737 655 3836 partitiones:
689 3739 791 3839 prior
816 3738 1183 3842 easaecomplectitnr,
1209 3765 1289 3845 quae

287 3991 335 4066 (r)
352 3994 471 4052 Diction.
488 3998 534 4055 des
551 3999 647 4055 sciens.
665 4007 773 4069 natue,
791 4012 851 4057 tom.
872 4019 916 4072 ις,
933 4019 994 4073 pag.
1012 4003 1071 4057 225.
