2716 4694
1117 343 1180 391 111

404 427 665 493 SARCINULA
696 427 950 494 stvtotttn

488 558 673 607 sontnntsn
699 551 736 607 et
762 559 876 607 nnus.

157 656 255 721 tntis
275 656 469 738 aggregem
490 656 586 717 stellis
605 655 833 738 subangnlatis,
848 656 1103 732 mutet-radians·
1120 681 1182 747 pa-

194 762 326 824 rietibus
346 762 417 823 hinc
437 759 508 822 inde
530 760 760 842 subduplicatis.

155 866 313 932 Solander
334 878 365 930 et
385 867 474 930 Ellis.
496 865 607 930 Corall.
630 867 739 951 zooph.
756 886 832 951 pag.
860 866 942 950 166,
962 891 992 932 n.
1015 870 1066 956 57.

156 974 293 1037 Gmelin.
315 974 446 1057 System.
467 983 564 1034 natur.
583 992 659 1058 pag.
680 973 785 1057 3769,
804 995 835 1036 n.
855 973 909 1052 64.

155 1080 354 1143 Lamoroax.
376 1076 512 1164 Exposit.
533 1077 670 1140 method.
693 1077 747 1141 des
768 1079 875 1164 polyp.
895 1100 971 1165 pag.
993 1080 1046 1144 58.

205 1183 394 1260 Habitat.
420 1235 431 1256 .
458 1236 468 1256 .
495 1237 505 1255 .
532 1182 733 1285 Reperitur
757 1185 796 1258 in
821 1185 983 1259 Corsica.

386 1304 654 1369 SARGINULA
684 1306 961 1370 CONCORDIS

423 1437 527 1486 noms
553 1414 578 1504 (
590 1411 680 1486 Tab.
710 1411 754 1500 3,
769 1412 840 1510 fig.
867 1417 920 1508 8)

158 1533 257 1597 tabis
278 1531 441 1619 consertis,
469 1533 623 1605 adnexis;
652 1535 748 1596 stellis
776 1535 966 1619 «equalibus,
994 1536 1186 1616 rotundatis,

186 1641 319 1724 parvis,
347 1638 536 1724 superficiem
557 1640 810 1724 exsequentibus3
841 1640 975 1701 lamellis
1003 1643 1187 1724 innumeris,

189 1743 396 1807 disseminatis
417 1747 593 1807 transversis
613 1747 713 1820 raris;
733 1763 838 1806 massa
858 1744 1039 1808 rotundata.

151 1852 301 1934 Borguet.
322 1851 423 1913 Traitti
445 1849 498 1911 des
519 1850 623 1935 petris.
645 1851 707 1913 tab.
728 1871 773 1934 9,
790 1849 845 1932 fig
865 1851 907 1933 49
929 1849 1070 1929 (mala).

202 1956 295 2029 Haee
333 1954 475 2057 species
511 1953 654 2030 videtur
693 1953 887 2057 quamdam
915 1955 1184 2034 similitudinem

151 2074 292 2152 hahere
319 2102 402 2151 eum
428 2092 561 2152 astroea
582 2075 764 2179 sphoeriea
785 2076 1004 2179 Πψαηοίἰς
1025 2078 1092 2156 sed
1117 2080 1185 2156 alia

151 2197 216 2275 hic
244 2214 301 2273 est
326 2196 535 2272 tubulorum
557 2200 664 2274 ratio.

204 2319 430 2396 Habitat..
458 2375 467 2392 .
496 2375 504 2391 .

202 2442 401 2543 Reponitur
427 2443 466 2515 in
492 2441 584 2516 colle
610 2441 827 2515 Taurinensi
852 2459 891 2516 et
914 2442 1148 2517 Dertonensi.

412 2563 684 2627 stncntutt
717 2563 930 2626 ntmlltlct

417 2695 520 2743 nonns
547 2669 671 2762 (Tab.
699 2669 742 2762 4,
754 2669 828 2768 fig·
859 2671 919 2768 t.)

156 2792 253 2857 Tubis
274 2795 449 2877 aggregatis
459 2819 472 2863 ;
493 2791 588 2854 stellis
615 2788 809 2862 rotundatis·
829 2788 966 2854 eandida
985 2790 1094 2875 fascia
1114 2795 1177 2855 eir-

189 2901 381 2961 eameireiter
401 2899 543 2966 munitis‚·
564 2915 667 2959 massa
688 2897 925 2981 hemisphaerica.

200 3002 280 3080 Ubi
306 3018 443 3077 attente
481 3003 714 3104 inspiciamus
749 3003 941 3076 interstitia
974 3001 1182 3079 tubulorum

152 3128 190 3200 in
215 3123 286 3200 hac
313 3125 439 3226 specie
452 3178 465 3220 ,
492 3149 575 3226 quoe
601 3148 676 3197 non
701 3122 748 3198 de
774 3121 882 3225 plano
908 3140 1016 3221 sunt,
1038 3125 1104 3201 sed
1128 3152 1186 3202 ex·

152 3246 283 3322 hibent
318 3245 448 3322 fascias
486 3245 584 3321 albas
596 3301 608 3340 ‚
634 3244 753 3321 stellas
789 3245 1077 3341 circumdantes,
1105 3251 1181 3321 evi-

153 3368 284 3445 denter
309 3367 414 3470 hujus
440 3370 575 3471 speciei
603 3366 797 3443 discrimen
835 3368 1053 3471 apparebit:
1079 3369 1180 3470 quod

151 3489 305 3567 fortasse
343 3494 476 3566 mirum
507 3491 662 3593 cuipiam
686 3489 802 3564 videri
837 3506 970 3592 potest
1008 3491 1181 3566 Ceterum

151 3616 353 3686 innumerae
391 3638 539 3715 quoque
565 3629 649 3688 sunt
684 3611 865 3709 lameliae,
891 3614 997 3714 sique
1024 3615 1180 3718 excipias

152 3737 267 3839 ipsius
294 3762 487 3837 aeroporoe
525 3734 700 3829 annulos,
726 3758 809 3808 cum
838 3734 967 3811 eadem
992 3743 1179 3811 sarcinula

153 3884 336 3959 aaropora
363 3860 542 3935 convenit

202 3979 386 4056 Habitat.
415 4033 425 4054 .
451 4038 459 4054 .
487 4037 497 4054 .
524 3980 721 4083 Reperitur
746 3979 784 4053 in
810 3977 901 4057 colle
926 3980 1152 4056 Taurinensi.
