2716 4694
1150 298 1200 399 95

158 418 245 518 ipse
274 439 442 517 propono
470 412 660 489 deseratis
687 418 973 518 suprncretaceis
996 415 1116 501 eidem
1141 447 1200 495 re-

159 564 256 642 apse
299 537 529 613 consentiat:
555 536 706 615 tradunt
746 536 945 639 siquidem,
974 564 1015 613 er
1052 559 1203 643 recepta

158 664 298 763 praxi,
321 659 521 735 absurdum
547 658 690 753 videri,
717 685 799 761 quae
842 661 1005 764 propriae
1040 679 1125 738 sunt
1149 689 1206 740 ve·

158 786 374 860 iustissimae
387 785 516 879 aetatis,
532 799 569 857 et
597 781 735 857 ibidem
749 785 902 886 propria
917 783 1133 861 documenta
1149 783 1202 888 ja·

159 924 265 1000 cent,
285 905 413 983 eadem
429 907 649 980 reviviscere
664 906 824 1006 coepisse
846 907 883 979 in
904 907 1067 981 tertiario
1084 907 1204 983 catha·

162 1029 426 1132 clysm0,.qua
452 1025 498 1103 de
524 1053 566 1101 re
592 1025 694 1101 valde
721 1028 872 1101 miratur
892 1030 1128 1128 Des-Hayes,
1155 1029 1202 1106 de

170 1155 340 1250 trz'goniis
366 1147 478 1224 verba
502 1148 661 1244 facieus3
686 1147 772 1222 dum
798 1151 915 1225 innuit
941 1176 1002 1225 eas
1029 1153 1206 1254 iusupra·

164 1274 347 1349 cretaceis
360 1272 655 1375 fhrmationibus
676 1272 834 1367 deicere
851 1273 926 1373 (r):
950 1298 992 1348 ex
1007 1271 1074 1349 hac
1101 1301 1201 1377 quae·

164 1399 300 1489 stione
315 1397 439 1498 potior
466 1411 545 1470 orta
566 1412 652 1488 est,
678 1396 849 1468 nimirum
874 1395 1001 1470 relatio
1029 1413 1204 1474 testaceo·

163 1544 248 1593 rum
276 1519 373 1592 inter
396 1517 534 1592 fossilis
559 1533 670 1618 atque
696 1517 860 1590 viventia.

214 1638 289 1715 Sed
316 1638 394 1714 haec
421 1639 559 1732 altera,
588 1655 781 1741 postquam
810 1637 872 1712 diu
898 1637 1080 1743 disputata
1105 1639 1172 1718 fuit
1187 1703 1198 1740 ,

163 1764 301 1838 nostris
332 1762 448 1835 ferme
475 1759 701 1863 temporibus
730 1759 931 1836 doctissimi
957 1763 1023 1834 viri
1050 1761 1200 1839 demon·

163 1901 348 1977 strarant,
372 1883 515 1986 cujusve
538 1885 654 1958 aetatis
671 1885 821 1986 propria
838 1899 1017 1978 testacea,
1045 1913 1201 1989 quorum

163 2007 297 2082 similia
324 2032 519 2109 perperam
546 2007 723 2106 inquiris,
750 2003 878 2081 adesse
905 2007 984 2105 (2):
1010 2007 1081 2082 hoc
1107 2027 1202 2086 vete·

164 2155 227 2206 res
273 2145 524 2231 cognoverunt
538 2187 550 2224 ,
587 2127 685 2202 unde
728 2129 878 2204 Ovidius
918 2156 1031 2206 onec
1058 2135 1200 2234 species

164 2276 230 2328 sua
257 2253 389 2352 cuique
410 2267 550 2325 manet:
575 2277 772 2354 rerumque
798 2256 962 2328 novatrix
988 2279 1030 2328 er
1056 2256 1133 2329 aliis
1161 2283 1199 2329 a·

164 2374 230 2449 lias
257 2390 404 2474 reparat
416 2390 544 2447 natura
557 2371 736 2475 figuras.»
767 2376 932 2450 Priorem
955 2375 1054 2476 quod
1072 2379 1200 2452 attinet

165 2498 485 2601 propositionem,
511 2513 638 2570 notare
665 2495 827 2597 juvabit,
854 2495 949 2570 hanc
982 2522 1114 2598 reapse
1139 2524 1196 2573 re·

163 2646 247 2694 rum
269 2622 406 2696 seriem
430 2645 497 2694 nos
525 2623 680 2703 assecuti
702 2618 865 2694 noudum
892 2645 991 2716 esse,
1016 2623 1119 2696 itaut
1139 2638 1194 2698 te·

166 2745 346 2818 maritatis
372 2759 496 2823 notam
521 2769 595 2817 nou
623 2741 816 2844 effugeret,
843 2744 907 2844 qui
933 2759 1200 2844 testaceorum,

164 2865 222 2940 vel
249 2864 512 2968 neophytorum
524 2863 714 2940 historiam
735 2867 772 2939 in
790 2868 897 2942 variis
910 2865 1076 2943 aetatibus
1099 2895 1200 2943 eom·

163 3014 325 3093 ponere,
352 3007 461 3090 atque
488 2985 669 3090 perficere
695 3004 859 3091 putaret;
885 2987 968 3065 hinc
993 2989 1098 3086 illud,
1124 3017 1200 3070 nou

171 3193 215 3267 (r)
233 3196 339 3248 Parrot.
359 3193 508 3248 Oblectam.
529 3195 606 3264 phys.
626 3194 699 3248 1822.

239 3283 322 3340 Idem.
342 3283 457 3337 Memor.
476 3285 566 3337 accad.
586 3282 651 3338 San.
669 3285 857 3357 ¹I'eterrl›oru·g.
879 3283 952 3338 1831.

240 3372 335 3444 Adotp.
355 3373 511 3443 Brogniart.
531 3373 671 3427 Consider.
690 3375 778 3443 gener.
797 3391 836 3426 ssr
853 3374 879 3426 la
895 3381 950 3426 nat.
969 3373 1002 3427 de
1020 3373 1203 3444 tavtgtution

306 3479 360 3514 aux
376 3461 472 3516 divers.
491 3461 594 3529 period.
613 3463 692 3514 Paris
712 3464 786 3516 1828.

171 3547 214 3619 (a)
234 3549 338 3603 θανὼν,
358 3549 525 3603 Recherches
542 3567 588 3602 aur
605 3551 641 3603 les
659 3566 750 3603 ossem.
769 3552 830 3603 foss.
849 3548 955 3618 passim.

240 3636 322 3692 Idem.
340 3638 472 3691 Discoura
489 3655 537 3690 aur
553 3639 591 3691 les
608 3640 722 3693 revolut.
741 3640 778 3691 du
797 3640 881 3708 globe.
901 3639 979 3690 Paris
1000 3637 1074 3692 1825.

242 3726 289 3779 Ch.
309 3727 413 3780 Zieten.
432 3725 629 3780 Petrifieations
647 3729 684 3780 du
701 3727 902 3796 Wurtemberg.
923 3725 1072 3796 stuttgard·

238 3816 343 3868 Nilson.
363 3814 514 3869 Petrificata
530 3833 649 3872 svecana.
670 3815 825 3868 Stercilom.
847 3817 920 3884 ¹⁸²7·

241 3903 626 3959 De-ta-Becte.t1anueldu
645 3905 743 3972 geolog.
767 3921 788 3955 r.
808 3914 835 3956 et
852 3921 876 3956 α,
896 3903 961 3959 edit.
980 3903 1083 3972 passim.

241 3992 531 4049 D'Arcttac.tt1tmor.
551 3996 649 4063 ge'olog.
668 3993 770 4063 passim.
