2716 4694
190 352 212 400 o

164 352 264 539 gunt,
291 462 399 548 atque
415 445 602 519 alternatio
620 442 816 517 earundem
834 446 980 545 penitus
996 443 1179 545 incognita.

161 571 330 644 varietas
370 566 473 668 hujus
500 567 636 668 speciei
669 591 794 639 verum
821 564 1043 667 praelonga,
1072 569 1178 641 miuus

163 691 350 795 granulata
376 707 454 780 est,
482 705 591 789 atque
618 686 664 760 ad
683 688 919 762 turbinolium
943 693 1181 790 mltispinun

167 815 320 917 propius
347 808 499 886 accedit.

214 933 364 1007 Habitat
390 987 399 1005 .
427 987 436 1005 .
462 984 473 1004 .
501 986 509 1002 .
537 931 734 1033 Reperitur
758 957 876 1034 prope
901 931 1128 1023 Dertonam,
1151 945 1182 1004 et

168 1081 285 1158 prope
311 1053 460 1128 Sciolze.

215 1179 310 1251 Mus.
352 1176 501 1248 Taurin.
539 1175 690 1249 collect.
727 1172 914 1249 Roohetta
929 1232 941 1270 ‚
967 1175 1185 1269 Maresha,

167 1300 337 1388 Sotteri,
361 1299 529 1372 Bellardi
537 1355 552 1387 ,
577 1297 791 1372 Michelout

334 1440 617 1505 TURBINOLIA
645 1438 1033 1519 MULTISERIALIS,

419 1594 519 1642 roms
545 1546 647 1662 (tab
667 1568 811 1665 uste·
839 1571 909 1668 7·)

175 1713 358 1783 Turbinolia
395 1712 501 1791 brevi,
535 1710 767 1790 cylindracea‚
802 1710 870 1770 basi
896 1709 1039 1770 revoluta
1073 1722 1183 1790 acuto,

207 1821 296 1882 costis
307 1816 580 1898 longitudiunlibus
593 1813 926 1894 undaro-creontis‚fiIo
938 1814 1052 1891 medio;
1065 1816 1187 1895 istricis,

207 1925 328 1986 costisve
350 1923 454 1981 leviter
483 1924 648 2004 granosis,
668 1919 867 1984 irrtermediaekz
898 1920 991 1983 stella
1012 1919 1186 1999 rotundare,

208 2041 312 2090 centro
329 2028 497 2113 pupilioso.

221 2155 291 2226 Diu
308 2152 465 2228 dubitavi
480 2169 598 2227 utrum
617 2151 694 2227 haec
706 2155 847 2256 speeies
862 2155 1054 2256 proprium
1065 2178 1189 2227 nomen

173 2273 353 2370 haberet,
385 2303 428 2349 an
471 2275 565 2350 aliud
606 2275 723 2350 eidem
752 2274 983 2370 addendum3
1015 2302 1103 2349 nam
1128 2275 1189 2350 etsi

174 2400 369 2500 scriptores
390 2397 471 2471 huic
490 2400 682 2501 posteriori
701 2401 890 2472 sententiae
909 2399 1100 2496 proniores
1114 2401 1192 2490 sint,
1213 2484 1229 2521 ν

170 2537 290 2594 tamen
309 2539 406 2594 recte
427 2523 573 2622 propria
595 2523 740 2593 nomina
763 2519 972 2614 defendunt,
990 2547 1105 2621 quum
1127 2548 1191 2595 cae·

176 2660 270 2716 teras
287 2646 426 2743 species
455 2643 732 2731 consuluerunt,
757 2641 883 2716 saltem
902 2668 983 2737 eaS,
1011 2670 1096 2743 quae
1123 2671 1192 2714 ma·

177 2767 230 2863 gis
259 2781 460 2865 perspectae
487 2767 667 2835 dicuntur.
685 2766 765 2836 Hoc
781 2767 817 2836 in
833 2781 956 2837 nostro
984 2791 1089 2859 casu3
1117 2790 1194 2838 nam

178 2887 207 2957 si
247 2911 316 2984 qua
355 2884 449 2957 soret
474 2887 686 2980 turbinem,
713 2913 755 2959 ea
783 2905 878 2961 esset
902 2886 958 2959 vei
984 2889 1192 2976 turbinato,

178 3013 237 3079 vel
260 3013 434 3095 sulcata,
459 3007 516 3080 vel
550 3007 842 3110 caryoplrrllus‚
869 3008 926 3080 rel
956 3017 1120 3098 celtica,
1145 3008 1195 3083 vei

174 3135 404 3224 grumulum,
441 3129 495 3200 vei
522 3131 675 3228 Konigii.
715 3130 842 3221 Quoad
866 3132 1101 3205 turbinoliam
1122 3150 1194 3206 tur·

177 3248 337 3323 binorum
364 3310 377 3344 ‚
414 3278 523 3352 quum
550 3279 617 3324 nec
654 3251 726 3354 ejus
754 3254 849 3327 basis
885 3255 1076 3349 revoluta,
1104 3274 1196 3330 extus

179 3388 315 3444 tanturn
353 3376 399 3446 sit
442 3373 666 3469 subsultim,
710 3403 820 3476 quum
860 3376 964 3448 alium
1002 3382 1196 3477 marginem

179 3492 354 3589 exhibeat,
376 3522 417 3569 ea
438 3515 537 3569 certo
560 3525 641 3569 cum
667 3499 863 3572 turbinoliu
881 3505 1112 3572 multiseriuli
1131 3526 1197 3573 nou

179 3634 234 3687 est
260 3617 518 3691 confundenda.
553 3621 681 3721 Neque
709 3621 908 3694 turbiuoiiae
934 3629 1084 3695 sulcatur
1108 3650 1197 3696 com·

178 3740 316 3838 paratio
344 3739 404 3811 diu
430 3744 551 3841 vigere
578 3762 699 3844 potest
726 3772 805 3815 cum
832 3745 1025 3817 turbinoliu
1047 3751 1198 3817 multise·

177 3866 286 3950 riali,
308 3861 363 3934 vel
385 3863 501 3956 basis,
527 3866 582 3939 vel
596 3867 833 3960 lamnarum,
861 3869 918 3940 vel
934 3866 1061 3944 formae
1089 3872 1196 3972 ipsius

178 3983 380 4060 turbinoliae
412 3994 572 4083 sulcator,
609 4007 736 4064 natura
762 3992 798 4066 id
824 4018 1056 4095 repugnans:
1096 3994 1196 4095 prior
