2716 4694
1098 352 1143 402 ιο

190 441 471 521 Definitionibus
497 457 617 518 autem
643 443 806 536 attentis,
833 467 923 545 quas
949 354 1171 550 accepimus?

141 565 364 643 concludere
400 591 620 669 possumus,
661 567 918 667 madreporam
953 594 1171 670 acceperam

141 691 300 782 Linnaei,
312 714 508 792 perperam
523 689 655 790 Esper,
669 703 706 762 et
722 713 848 763 omues
866 690 928 790 qui
939 687 1034 764 hunc
1046 709 1171 767 aucto·

141 837 221 885 rem
246 812 362 886 secuti
382 826 466 885 sant
481 836 564 884 eum
584 810 804 912 madrepora
829 817 1011 900 retunsa,
1037 811 1083 888 de
1101 840 1174 915 qua
1241 851 1244 855 ·

141 934 310 1008 meminit
334 933 544 1028 Solunder,
570 929 740 1032 junxisse3
766 958 863 1029 nam,
888 932 974 1007 dum
999 937 1173 1012 Linnoeus

141 1071 324 1130 memorat
360 1052 480 1128 stellas
507 1051 718 1149 confertas,
744 1053 961 1152 annulaces,
988 1059 1172 1160 prominu-

141 1176 214 1272 las,
241 1192 435 1272 arcuatas,
461 1173 614 1249 excludit
650 1200 731 1249 eam
764 1177 950 1278 speciem,
985 1176 1088 1280 cujus
1117 1196 1174 1256 est

141 1297 263 1375 stellas
290 1295 424 1372 habere
460 1299 753 1400 panai-radiatas
765 1355 777 1392 ‚
814 1297 974 1374 lamellas
1014 1317 1172 1397 acutaS,

144 1437 317 1515 erectas,
342 1419 464 1494 radias
490 1436 613 1494 acutos
640 1417 781 1522 spinula
807 1436 939 1494 erecta.

192 1540 315 1616 Semel
331 1539 485 1616 admissa
502 1539 674 1615 divisione
691 1538 991 1640 madreporarum
1012 1569 1086 1617 nou
1104 1545 1170 1621 de·

141 1663 317 1759 luerunt,
358 1665 420 1765 qui
446 1661 538 1737 hanc
577 1668 806 1736 sarcinulam
830 1689 1050 1766 aeroporam
1088 1694 1170 1742 cum

141 1790 279 1863 astrata
304 1774 523 1888 conjungere
550 1785 626 1858 ausi
652 1800 752 1878 sunt3
776 1785 865 1884 quin
890 1786 985 1882 imo,
1010 1785 1068 1861 vel
1088 1789 1169 1889 ipse

141 1907 330 1985 Lamarclc
338 1965 354 1999 ,
378 1909 595 1995 Blainville,
619 1908 857 1996 Lamoroux,
871 1905 957 1982 dum
971 1907 1017 1983 de
1028 1916 1168 1986 astrata

141 2031 366 2104 mentionem
391 2044 560 2130 egerunt,
584 2044 660 2102 tam
671 2034 893 2140 mtulosam,
920 2056 1030 2132 quam
1055 2057 1166 2109 acro·

141 2178 274 2253 porum
297 2167 466 2228 astream
481 2166 719 2225 recenserunt
739 2177 749 2245 3
806 2178 852 2225 ua
870 2154 1009 2227 ratione
1028 2155 1163 2247 neseio,

141 2300 229 2348 nam
254 2272 340 2347 licet
365 2274 566 2376 sepimenta
591 2270 651 2344 illa
676 2273 714 2345 in
732 2271 832 2348 hisce
858 2273 1050 2375 speciebus
1078 2274 1168 2350 deli-

141 2396 257 2490 ciunt,
284 2420 364 2496 quae
389 2408 610 2467 concurrunt
649 2394 687 2466 iu
711 2396 932 2495 madrapora
953 2420 1167 2493 organum,

141 2533 263 2592 tamen
288 2514 404 2590 tubuli
417 2540 522 2616 aeque
535 2512 726 2589 coadunati
737 2531 832 2607 sunt,
849 2514 1080 2590 fasciculatim
1102 2544 1165 2620 ag·

141 2639 308 2742 gregati,
333 2662 402 2711 nec
428 2653 584 2730 caetera,
610 2661 693 2737 quae
719 2633 893 2712 habemus
919 2638 957 2711 iu
982 2635 1059 2713 aliis
1084 2665 1165 2714 sar-

141 2765 273 2836 cinulis
295 2756 356 2834 hic
382 2755 566 2834 deficiunt.

190 2881 344 2957 Habitat
364 2922 377 2954 .·
397 2934 440 2954 ..

189 3004 391 3104 Reperitur
414 3003 451 3076 in
478 3000 570 3076 ealle
595 3001 824 3076 Taurinensi.

189 3126 285 3201 Mus.
311 3126 458 3200 Taurin.
483 3122 720 3199 n...Collectio
746 3126 928 3214 Bellardi,
948 3123 1163 3203 Matalon

390 3266 661 3331 sanclnuta
690 3265 919 3332 PUNCTATA

603 3397 714 3469 Bina,

407 3561 509 3611 sous
536 3540 561 3630 (
572 3537 665 3612 Ταῦ·
691 3537 814 3636 tfla·
835 3537 901 3632 6·)

142 3680 300 3761 Glabasa,
321 3683 440 3764 punctis
467 3681 642 3742 stellaribas
663 3680 922 3762 suburbanitatis,
942 3679 1164 3766 inaequalibus,

178 3786 336 3872 confertis,
357 3787 454 3867 cavis,
475 3787 613 3871 exigui&
630 3787 797 3848 interstitiis
809 3785 940 3868 leuibus,
951 3805 1160 3874 peroso-pun-

182 3894 281 3954 etatis.

148 3998 298 4061 Linnoeus.
320 3996 451 4083 System.
471 4007 606 4080 natura,
624 4015 700 4082 pag.
726 4016 815 4080 ¹²77·
836 4016 866 4057 n.
888 4016 939 4059 aa.
