2716 4694
178 346 248 395 roo

170 441 339 517 fatentur.
368 438 500 540 Itaque
519 494 536 528 ,
560 435 650 540 quid
668 460 818 538 ‘reapse
844 435 1046 538 unicnique
1070 435 1180 540 generi

171 564 362 638 conveniat
374 564 518 664 penitus
539 557 850 661 investigandum
875 560 981 661 sique
994 557 1066 634 alio
1085 556 1182 632 modo

168 702 272 759 recte
291 685 476 786 partitioni
491 680 631 756 consuli
650 697 832 782 nequeat,
856 707 1029 783 quamn
1048 681 1184 785 propria

168 809 242 881 sint
261 804 411 880 cuilibet
429 803 628 898 divisioni,
652 828 696 877 ex
708 805 791 904 ipsa
815 801 1028 878 delinitione
1048 804 1184 879 metien-

168 927 256 1001 dum
280 930 360 1000 erit.
383 927 539 1000 Praestat
560 927 676 1027 igitur-
692 931 905 998 sarcinulas
929 922 1097 999 delinire.

215 1049 360 1123 Nomen
380 1046 560 1149 polyparii
579 1045 718 1148 lapidei
735 1105 748 1141 ,
774 1046 874 1149 qnod
890 1049 1064 1121 convenit
1077 1050 1184 1121 sorei-

166 1176 265 1244 nulae
289 1195 335 1244 eo
360 1170 586 1271 potissimum
612 1167 803 1243 inductum
823 1168 918 1264 fnit,
943 1185 986 1243 nt
1010 1167 1184 1244 Lamarel

167 1290 374 1367 cohaereret
386 1292 628 1392 propositioni
643 1289 690 1363 ab
705 1292 807 1364 initio
823 1291 908 1369 latoe
929 1289 978 1365 de
995 1293 1183 1394 partitione

164 1438 300 1515 nempe
325 1411 621 1515 polypariornm,
646 1405 759 1515 proult
784 1411 988 1515 simplicem
1013 1411 1183 1487 membra·

164 1561 277 1630 nam,
310 1533 365 1608 rel
391 1560 591 1630 corneam,
617 1533 674 1608 vel
695 1532 877 1636 lapideam
902 1531 1100 1628 exhibent3
1116 1546 1182 1607 'nec

165 1655 342 1730 difficilius
368 1654 603 1756 intelligitur,
643 1681 802 1756 quonam
828 1679 941 1728 sensu
965 1660 1181 1729 sarcinulam

163 1776 317 1853 liberam
333 1803 413 1852 esse
435 1775 583 1870 dixerit,
611 1803 694 1849 nam
710 1803 753 1850 ea
766 1774 953 1878 polyparia
965 1775 1085 1851 libera
1100 1800 1180 1851 nnn·

165 1923 374 2000 cupamus,
407 1922 490 1998 qnae
516 1924 589 1971 non
628 1896 816 1972 adhaerent
844 1897 920 1972 aliis
946 1897 1180 2002 corporibus,

164 2018 253 2094 licet
278 2037 315 2093 et
340 2019 461 2122 plnres
488 2019 653 2112 cellulas,
680 2037 717 2093 ct
741 2019 864 2122 plures
890 2018 1045 2123 polypos
1072 2037 1180 2094 osten·

165 2140 280 2239 dant3
307 2169 419 2244 quum
443 2144 656 2244 ceteroquin
678 2167 752 2214 non
778 2140 922 2235 desint,
949 2143 1016 2242 qui
1041 2160 1181 2244 putare·

164 2265 270 2361 rint,
306 2281 342 2338 et
368 2261 553 2337 adhaerere
591 2266 670 2361 ipsa
695 2261 882 2364 polyparia
906 2268 1180 2341 sarcinularum
1219 2296 1221 2308 ·

164 2388 311 2486 Massa,
350 2413 458 2488 quam
485 2384 627 2459 exhibet
651 2390 864 2476 sarcinula,
891 2410 966 2459 non
995 2388 1101 2461 unius
1135 2401 1182 2460 est

165 2510 322 2604 indolis,
349 2537 432 2581 nam
460 2537 480 2580 a
506 2505 697 2610 speciebus
724 2505 862 2608 pendet
885 2504 1050 2608 xejusdem
1080 2513 1184 2585 sarci·

164 2640 260 2705 uuloe
287 2647 645 2733 temperamentum,
673 2626 975 2728 quemadmodum
1004 2634 1127 2704 evcnit
1151 2633 1184 2703 in

165 2752 331 2827 omnibus
359 2751 432 2824 aliis
466 2751 695 2852 polypariis,
734 2775 815 2850 quae
841 2748 1052 2824 lamellifera
1085 2769 1183 2826 sunt:

166 2873 256 2947 illud
278 2872 524 2947 tantummodo
552 2889 691 2946 certum
727 2889 782 2946 est
807 2871 898 2945 hauc
924 2899 1082 2946 massam
1109 2901 1185 2948 con-

167 3010 265 3069 stare
305 3020 346 3067 er
379 2993 509 3068 tubulis
538 2997 734 3090 connexis,
761 2995 824 3094 qui
855 2996 885 3068 si
912 2992 1083 3069 deficiant
1097 3053 1109 3088 ,
1136 2994 1187 3070 vel

168 3115 431 3189 confundantur
457 3119 531 3190 sive
559 3143 684 3189 corum
715 3116 879 3210 exordio,
906 3117 980 3189 sive
1002 3121 1185 3218 superius,

167 3263 242 3311 non
268 3243 512 3328 sarcinulam,
540 3237 605 3311 sed
627 3255 793 3311 astruam
810 3236 983 3331 habebis3
1012 3265 1083 3339 qua
1118 3245 1188 3342 qui·

168 3359 253 3433 dem
272 3363 310 3434 in
325 3386 366 3433 re
393 3357 635 3431 animadverto
659 3385 784 3432 errore
801 3358 921 3461 lapsos
943 3358 1057 3434 fuisse
1080 3380 1184 3462 quot·

170 3498 258 3582 quot
283 3480 437 3554 docuere
450 3537 461 3573 ,
488 3506 617 3581 reapse
640 3480 821 3554 tubulosas
843 3497 995 3554 astroeas
1020 3483 1187 3558 inveniri:

171 3627 255 3674 nnm
282 3605 311 3677 si
333 3602 401 3676 hoc
429 3601 654 3678 admittamus
681 3605 924 3677 necessarium
946 3630 1096 3705 prorsus
1125 3625 1190 3700 est,

170 3741 211 3798 nt
236 3724 293 3797 vel
329 3751 440 3797 unum
466 3724 521 3796 vel
556 3725 649 3797 aliud
676 3752 788 3827 genus
815 3725 1039 3820 auferamus;
1080 3754 1190 3828 quum

172 3845 338 3947 ‹prmdnm
359 3872 550 3919 occurrere
578 3846 766 3936 debeant,
798 3845 893 3918 unde
921 3859 1096 3948 generum
1124 3849 1189 3924 du·

163 3987 266 4043 entur
293 3972 407 4071 origo.
434 3970 617 4047 Praeterea
631 4025 642 4063 ,
670 3967 738 4044 hoc
765 3971 906 4071 posito,
934 3973 1116 4048 evanescit
1142 3971 1191 4046 di-
