<?xml version="1.0" encoding="UTF-8"?>
<!DOCTYPE html PUBLIC "-//W3C//DTD XHTML 1.0 Transitional//EN"
    "http://www.w3.org/TR/xhtml1/DTD/xhtml1-transitional.dtd">
<html xmlns="http://www.w3.org/1999/xhtml" xml:lang="en" lang="en">
 <head>
  <title>
</title>
<meta http-equiv="Content-Type" content="text/html;charset=utf-8" />
  <meta name='ocr-system' content='tesseract 3.04.00' />
  <meta name='ocr-capabilities' content='ocr_page ocr_carea ocr_par ocr_line ocrx_word'/>
</head>
<body>
  <div class='ocr_page' id='page_1' title='image "./specimenzoophyt00michgoog_0216.png"; bbox 0 0 2724 4688; ppageno 0'>
   <div class='ocr_carea' id='block_1_1' title="bbox 54 306 1088 532">
    <p class='ocr_par' dir='ltr' id='par_1_1' title="bbox 54 306 1088 532">
     <span class='ocr_line' id='line_1_1' title="bbox 1014 306 1087 384; baseline -0.027 0"><span class='ocrx_word' id='word_1_1' title='bbox 1014 306 1087 384; x_wconf 83' lang='lat'><strong>203</strong></span> 
     </span>
     <span class='ocr_line' id='line_1_2' title="bbox 54 400 1088 532; baseline 0.008 -34"><span class='ocrx_word' id='word_1_2' title='bbox 54 426 265 502; x_wconf 87' lang='lat' dir='ltr'><strong>innumeras</strong></span> <span class='ocrx_word' id='word_1_3' title='bbox 282 424 477 503; x_wconf 79' lang='lat' dir='ltr'><strong>relationes</strong></span> <span class='ocrx_word' id='word_1_4' title='bbox 498 427 649 524; x_wconf 88' lang='lat' dir='ltr'><strong>colunt,</strong></span> <span class='ocrx_word' id='word_1_5' title='bbox 674 400 883 503; x_wconf 78' lang='lat' dir='ltr'><strong>concredita</strong></span> <span class='ocrx_word' id='word_1_6' title='bbox 900 442 985 504; x_wconf 87' lang='lat' dir='ltr'><strong>sunt</strong></span> <span class='ocrx_word' id='word_1_7' title='bbox 1005 455 1088 532; x_wconf 75' lang='lat' dir='ltr'><strong>quae</strong></span> 
     </span>
    </p>
   </div>
   <div class='ocr_carea' id='block_1_2' title="bbox 40 546 1098 3721">
    <p class='ocr_par' dir='ltr' id='par_1_2' title="bbox 55 546 787 655">
     <span class='ocr_line' id='line_1_3' title="bbox 55 546 787 655; baseline 0.003 -33"><span class='ocrx_word' id='word_1_8' title='bbox 55 546 103 622; x_wconf 88' lang='lat' dir='ltr'><strong>de</strong></span> <span class='ocrx_word' id='word_1_9' title='bbox 130 551 312 624; x_wconf 79' lang='lat' dir='ltr'><strong>anatomia</strong></span> <span class='ocrx_word' id='word_1_10' title='bbox 338 548 559 655; x_wconf 79' lang='lat' dir='ltr'><strong>polyporum</strong></span> <span class='ocrx_word' id='word_1_11' title='bbox 585 551 787 652; x_wconf 85' lang='lat' dir='ltr'><strong>requirunt.</strong></span> 
     </span>
    </p>

    <p class='ocr_par' dir='ltr' id='par_1_3' title="bbox 55 670 1090 1234">
     <span class='ocr_line' id='line_1_4' title="bbox 106 670 1089 776; baseline 0.001 -31"><span class='ocrx_word' id='word_1_12' title='bbox 106 671 229 764; x_wconf 90' lang='lat' dir='ltr'><strong>Quum</strong></span> <span class='ocrx_word' id='word_1_13' title='bbox 254 688 376 746; x_wconf 88' lang='lat' dir='ltr'><strong>antem</strong></span> <span class='ocrx_word' id='word_1_14' title='bbox 409 673 501 748; x_wconf 88' lang='lat' dir='ltr'><strong>mihi</strong></span> <span class='ocrx_word' id='word_1_15' title='bbox 528 675 782 776; x_wconf 85' lang='lat' dir='ltr'><strong>proposuerim</strong></span> <span class='ocrx_word' id='word_1_16' title='bbox 815 670 1012 746; x_wconf 80' lang='lat' dir='ltr'><strong>observare</strong></span> <span class='ocrx_word' id='word_1_17' title='bbox 1037 687 1089 747; x_wconf 91' lang='lat' dir='ltr'><strong>te·</strong></span> 
     </span>
     <span class='ocr_line' id='line_1_5' title="bbox 55 793 1089 896; baseline 0 -29"><span class='ocrx_word' id='word_1_18' title='bbox 55 811 229 895; x_wconf 76' lang='lat' dir='ltr'><strong>gumenta</strong></span> <span class='ocrx_word' id='word_1_19' title='bbox 254 793 429 888; x_wconf 76' lang='lat' dir='ltr'><strong>calcares,</strong></span> <span class='ocrx_word' id='word_1_20' title='bbox 456 820 537 896; x_wconf 86' lang='lat' dir='ltr'><strong>quae</strong></span> <span class='ocrx_word' id='word_1_21' title='bbox 563 796 599 867; x_wconf 90' lang='lat' dir='ltr'><strong>iu</strong></span> <span class='ocrx_word' id='word_1_22' title='bbox 618 795 725 868; x_wconf 91' lang='lat' dir='ltr'><strong>tertio</strong></span> <span class='ocrx_word' id='word_1_23' title='bbox 750 793 968 896; x_wconf 88' lang='lat' dir='ltr'><strong>cataclysmo</strong></span> <span class='ocrx_word' id='word_1_24' title='bbox 993 795 1089 867; x_wconf 85' lang='lat' dir='ltr'><strong>inre·</strong></span> 
     </span>
     <span class='ocr_line' id='line_1_6' title="bbox 55 915 1090 1020; baseline -0.001 -32"><span class='ocrx_word' id='word_1_25' title='bbox 55 917 205 990; x_wconf 87' lang='lat' dir='ltr'><strong>ninntur</strong></span> <span class='ocrx_word' id='word_1_26' title='bbox 215 971 230 1005; x_wconf 89' lang='lat'><em>,</em></span> <span class='ocrx_word' id='word_1_27' title='bbox 246 915 374 991; x_wconf 77' lang='lat' dir='ltr'><strong>licebit</strong></span> <span class='ocrx_word' id='word_1_28' title='bbox 395 916 585 1019; x_wconf 79' lang='lat' dir='ltr'><strong>quidpiam</strong></span> <span class='ocrx_word' id='word_1_29' title='bbox 601 915 773 991; x_wconf 90' lang='lat' dir='ltr'><strong>adnotare</strong></span> <span class='ocrx_word' id='word_1_30' title='bbox 796 915 842 991; x_wconf 92' lang='lat' dir='ltr'><strong>de</strong></span> <span class='ocrx_word' id='word_1_31' title='bbox 865 942 991 991; x_wconf 92' lang='lat' dir='ltr'><strong>eorum</strong></span> <span class='ocrx_word' id='word_1_32' title='bbox 1014 915 1090 1020; x_wconf 93' lang='lat' dir='ltr'><strong>opi·</strong></span> 
     </span>
     <span class='ocr_line' id='line_1_7' title="bbox 57 1036 1090 1140; baseline 0.002 -31"><span class='ocrx_word' id='word_1_33' title='bbox 57 1039 179 1131; x_wconf 88' lang='lat' dir='ltr'><strong>nione,</strong></span> <span class='ocrx_word' id='word_1_34' title='bbox 207 1039 270 1140; x_wconf 93' lang='lat' dir='ltr'><strong>qni</strong></span> <span class='ocrx_word' id='word_1_35' title='bbox 292 1039 388 1113; x_wconf 88' lang='lat' dir='ltr'><strong>inter</strong></span> <span class='ocrx_word' id='word_1_36' title='bbox 410 1036 605 1115; x_wconf 77' lang='lat' dir='ltr'><strong>oscharam</strong></span> <span class='ocrx_word' id='word_1_37' title='bbox 618 1054 654 1113; x_wconf 88' lang='lat' dir='ltr'><strong>et</strong></span> <span class='ocrx_word' id='word_1_38' title='bbox 663 1037 844 1136; x_wconf 76' lang='lat' dir='ltr'><strong>flastram</strong></span> <span class='ocrx_word' id='word_1_39' title='bbox 856 1040 1002 1140; x_wconf 83' lang='lat' dir='ltr'><strong>generis</strong></span> <span class='ocrx_word' id='word_1_40' title='bbox 1025 1037 1090 1113; x_wconf 83' lang='lat' dir='ltr'><strong>dif-</strong></span> 
     </span>
     <span class='ocr_line' id='line_1_8' title="bbox 57 1152 668 1234; baseline 0.003 -2"><span class='ocrx_word' id='word_1_41' title='bbox 57 1152 250 1234; x_wconf 81' lang='lat' dir='ltr'><strong>ferentiam</strong></span> <span class='ocrx_word' id='word_1_42' title='bbox 276 1159 404 1234; x_wconf 88' lang='lat' dir='ltr'><strong>adesse</strong></span> <span class='ocrx_word' id='word_1_43' title='bbox 431 1160 668 1234; x_wconf 86' lang='lat' dir='ltr'><strong>contendunt.</strong></span> 
     </span>
    </p>

    <p class='ocr_par' dir='ltr' id='par_1_4' title="bbox 40 1280 1096 2488">
     <span class='ocr_line' id='line_1_9' title="bbox 109 1280 1090 1384; baseline 0.004 -30"><span class='ocrx_word' id='word_1_44' title='bbox 109 1284 229 1383; x_wconf 84' lang='lat' dir='ltr'><strong>Atque</strong></span> <span class='ocrx_word' id='word_1_45' title='bbox 256 1284 292 1355; x_wconf 91' lang='lat' dir='ltr'><strong>iu</strong></span> <span class='ocrx_word' id='word_1_46' title='bbox 319 1284 460 1384; x_wconf 86' lang='lat' dir='ltr'><strong>primis,</strong></span> <span class='ocrx_word' id='word_1_47' title='bbox 488 1283 616 1356; x_wconf 89' lang='lat' dir='ltr'><strong>nullibi</strong></span> <span class='ocrx_word' id='word_1_48' title='bbox 644 1280 735 1357; x_wconf 88' lang='lat' dir='ltr'><strong>banc</strong></span> <span class='ocrx_word' id='word_1_49' title='bbox 756 1280 993 1358; x_wconf 81' lang='lat' dir='ltr'><strong>differentiam</strong></span> <span class='ocrx_word' id='word_1_50' title='bbox 1020 1309 1090 1358; x_wconf 88' lang='lat' dir='ltr'><strong>nec</strong></span> 
     </span>
     <span class='ocr_line' id='line_1_10' title="bbox 56 1403 1091 1507; baseline 0.002 -30"><span class='ocrx_word' id='word_1_51' title='bbox 56 1403 154 1478; x_wconf 81' lang='lat' dir='ltr'><strong>facto</strong></span> <span class='ocrx_word' id='word_1_52' title='bbox 189 1403 337 1506; x_wconf 89' lang='lat' dir='ltr'><strong>quidem</strong></span> <span class='ocrx_word' id='word_1_53' title='bbox 374 1404 561 1479; x_wconf 89' lang='lat' dir='ltr'><strong>inductam</strong></span> <span class='ocrx_word' id='word_1_54' title='bbox 592 1404 703 1478; x_wconf 81' lang='lat' dir='ltr'><strong>fuisse</strong></span> <span class='ocrx_word' id='word_1_55' title='bbox 741 1406 915 1507; x_wconf 82' lang='lat' dir='ltr'><strong>reperio,</strong></span> <span class='ocrx_word' id='word_1_56' title='bbox 952 1407 1025 1478; x_wconf 90' lang='lat' dir='ltr'><strong>imo</strong></span> <span class='ocrx_word' id='word_1_57' title='bbox 1052 1420 1091 1479; x_wconf 88' lang='lat' dir='ltr'><strong>et</strong></span> 
     </span>
     <span class='ocr_line' id='line_1_11' title="bbox 59 1526 1091 1630; baseline 0.001 -30"><span class='ocrx_word' id='word_1_58' title='bbox 59 1527 143 1630; x_wconf 88' lang='lat' dir='ltr'><strong>ipse</strong></span> <span class='ocrx_word' id='word_1_59' title='bbox 170 1529 320 1620; x_wconf 86' lang='lat' dir='ltr'><strong>Pallas,</strong></span> <span class='ocrx_word' id='word_1_60' title='bbox 354 1529 391 1601; x_wconf 94' lang='lat' dir='ltr'><strong>in</strong></span> <span class='ocrx_word' id='word_1_61' title='bbox 418 1526 484 1601; x_wconf 91' lang='lat' dir='ltr'><strong>hac</strong></span> <span class='ocrx_word' id='word_1_62' title='bbox 509 1553 550 1601; x_wconf 90' lang='lat' dir='ltr'><strong>re</strong></span> <span class='ocrx_word' id='word_1_63' title='bbox 577 1526 858 1602; x_wconf 81' lang='lat' dir='ltr'><strong>studiosissimus</strong></span> <span class='ocrx_word' id='word_1_64' title='bbox 880 1581 894 1616; x_wconf 90' lang='lat'><em>,</em></span> <span class='ocrx_word' id='word_1_65' title='bbox 909 1528 1091 1624; x_wconf 81' lang='lat' dir='ltr'><strong>flastram</strong></span> 
     </span>
     <span class='ocr_line' id='line_1_12' title="bbox 58 1648 1096 1753; baseline 0.001 -31"><span class='ocrx_word' id='word_1_66' title='bbox 58 1648 221 1751; x_wconf 85' lang='lat' dir='ltr'><strong>adjunxit</strong></span> <span class='ocrx_word' id='word_1_67' title='bbox 243 1651 423 1745; x_wconf 82' lang='lat' dir='ltr'><strong>eschnn&#39;s3</strong></span> <span class='ocrx_word' id='word_1_68' title='bbox 440 1652 502 1743; x_wconf 88' lang='lat' dir='ltr'><strong>ita,</strong></span> <span class='ocrx_word' id='word_1_69' title='bbox 528 1667 569 1725; x_wconf 92' lang='lat' dir='ltr'><strong>ut</strong></span> <span class='ocrx_word' id='word_1_70' title='bbox 584 1651 665 1753; x_wconf 90' lang='lat' dir='ltr'><strong>ipse</strong></span> <span class='ocrx_word' id='word_1_71' title='bbox 681 1648 911 1723; x_wconf 89' lang='lat' dir='ltr'><strong>collocaverit</strong></span> <span class='ocrx_word' id='word_1_72' title='bbox 910 1649 1096 1746; x_wconf 81' lang='lat' dir='ltr'><strong>flustram</strong></span> 
     </span>
     <span class='ocr_line' id='line_1_13' title="bbox 47 1771 1092 1874; baseline 0.001 -29"><span class='ocrx_word' id='word_1_73' title='bbox 47 1771 255 1874; x_wconf 84' lang='lat' dir='ltr'><strong>soliaceam</strong></span> <span class='ocrx_word' id='word_1_74' title='bbox 280 1775 378 1848; x_wconf 88' lang='lat' dir='ltr'><strong>iuter</strong></span> <span class='ocrx_word' id='word_1_75' title='bbox 413 1773 589 1848; x_wconf 77' lang='lat' dir='ltr'><strong>escharas</strong></span> <span class='ocrx_word' id='word_1_76' title='bbox 615 1773 674 1872; x_wconf 77' lang='lat' dir='ltr'><strong>(i)</strong></span> <span class='ocrx_word' id='word_1_77' title='bbox 708 1789 819 1874; x_wconf 86' lang='lat' dir='ltr'><strong>atque</strong></span> <span class='ocrx_word' id='word_1_78' title='bbox 854 1773 892 1846; x_wconf 93' lang='lat' dir='ltr'><strong>in</strong></span> <span class='ocrx_word' id='word_1_79' title='bbox 916 1788 1092 1846; x_wconf 79' lang='lat' dir='ltr'><strong>truncata</strong></span> 
     </span>
     <span class='ocr_line' id='line_1_14' title="bbox 40 1893 1091 1999; baseline -0.001 -30"><span class='ocrx_word' id='word_1_80' title='bbox 40 1893 190 1993; x_wconf 72' lang='lat' dir='ltr'><strong>flcntra</strong></span> <span class='ocrx_word' id='word_1_81' title='bbox 217 1898 403 1999; x_wconf 79' lang='lat' dir='ltr'><strong>agnoverit</strong></span> <span class='ocrx_word' id='word_1_82' title='bbox 428 1895 653 1970; x_wconf 79' lang='lat' dir='ltr'><strong>oscharam:</strong></span> <span class='ocrx_word' id='word_1_83' title='bbox 678 1893 889 1998; x_wconf 88' lang='lat' dir='ltr'><strong>parimodo</strong></span> <span class='ocrx_word' id='word_1_84' title='bbox 915 1897 1091 1970; x_wconf 83' lang='lat' dir='ltr'><strong>Linnoeus</strong></span> 
     </span>
     <span class='ocr_line' id='line_1_15' title="bbox 59 2014 1093 2121; baseline 0.001 -31"><span class='ocrx_word' id='word_1_85' title='bbox 59 2014 146 2091; x_wconf 81' lang='lat' dir='ltr'><strong>dixit</strong></span> <span class='ocrx_word' id='word_1_86' title='bbox 154 2018 318 2115; x_wconf 82' lang='lat' dir='ltr'><strong>flustras</strong></span> <span class='ocrx_word' id='word_1_87' title='bbox 336 2021 461 2093; x_wconf 88' lang='lat' dir='ltr'><strong>omnia</strong></span> <span class='ocrx_word' id='word_1_88' title='bbox 475 2017 675 2121; x_wconf 83' lang='lat' dir='ltr'><strong>polyparia,</strong></span> <span class='ocrx_word' id='word_1_89' title='bbox 701 2045 782 2120; x_wconf 85' lang='lat' dir='ltr'><strong>quae</strong></span> <span class='ocrx_word' id='word_1_90' title='bbox 808 2021 937 2093; x_wconf 85' lang='lat' dir='ltr'><strong>Pallas</strong></span> <span class='ocrx_word' id='word_1_91' title='bbox 953 2044 1093 2092; x_wconf 88' lang='lat' dir='ltr'><strong>nuncu-</strong></span> 
     </span>
     <span class='ocr_line' id='line_1_16' title="bbox 58 2130 1094 2245; baseline 0.003 -32"><span class='ocrx_word' id='word_1_92' title='bbox 58 2159 211 2244; x_wconf 86' lang='lat' dir='ltr'><strong>paverat</strong></span> <span class='ocrx_word' id='word_1_93' title='bbox 234 2141 422 2235; x_wconf 81' lang='lat' dir='ltr'><strong>escharas,</strong></span> <span class='ocrx_word' id='word_1_94' title='bbox 448 2141 546 2216; x_wconf 93' lang='lat' dir='ltr'><strong>unde</strong></span> <span class='ocrx_word' id='word_1_95' title='bbox 573 2139 685 2216; x_wconf 91' lang='lat' dir='ltr'><strong>habes</strong></span> <span class='ocrx_word' id='word_1_96' title='bbox 706 2130 813 2245; x_wconf 62' lang='lat' dir='ltr'><strong>‘apud</strong></span> <span class='ocrx_word' id='word_1_97' title='bbox 835 2141 983 2244; x_wconf 89' lang='lat' dir='ltr'><strong>ipsum,</strong></span> <span class='ocrx_word' id='word_1_98' title='bbox 1011 2167 1094 2243; x_wconf 79' lang='lat' dir='ltr'><strong>quae</strong></span> 
     </span>
     <span class='ocr_line' id='line_1_17' title="bbox 59 2262 1090 2368; baseline 0 -29"><span class='ocrx_word' id='word_1_99' title='bbox 59 2262 374 2340; x_wconf 83' lang='lat' dir='ltr'><strong>indiscriminatim</strong></span> <span class='ocrx_word' id='word_1_100' title='bbox 393 2264 440 2339; x_wconf 92' lang='lat' dir='ltr'><strong>ad</strong></span> <span class='ocrx_word' id='word_1_101' title='bbox 456 2281 651 2367; x_wconf 87' lang='lat' dir='ltr'><strong>utrumqne</strong></span> <span class='ocrx_word' id='word_1_102' title='bbox 673 2290 785 2366; x_wconf 81' lang='lat' dir='ltr'><strong>genus</strong></span> <span class='ocrx_word' id='word_1_103' title='bbox 803 2265 989 2368; x_wconf 88' lang='lat' dir='ltr'><strong>pertinere</strong></span> <span class='ocrx_word' id='word_1_104' title='bbox 1007 2289 1090 2366; x_wconf 88' lang='lat' dir='ltr'><strong>pos·</strong></span> 
     </span>
     <span class='ocr_line' id='line_1_18' title="bbox 68 2389 250 2488; baseline -0.016 -25"><span class='ocrx_word' id='word_1_105' title='bbox 68 2405 154 2463; x_wconf 88' lang='lat' dir='ltr'><strong>sunt</strong></span> <span class='ocrx_word' id='word_1_106' title='bbox 179 2389 195 2486; x_wconf 93' lang='lat'>(</span> <span class='ocrx_word' id='word_1_107' title='bbox 223 2389 250 2488; x_wconf 89' lang='lat'>)</span> 
     </span>
    </p>

    <p class='ocr_par' dir='ltr' id='par_1_5' title="bbox 60 2507 1098 3225">
     <span class='ocr_line' id='line_1_19' title="bbox 108 2507 1091 2613; baseline 0.002 -31"><span class='ocrx_word' id='word_1_108' title='bbox 108 2513 257 2585; x_wconf 86' lang='lat' dir='ltr'><strong>Variam</strong></span> <span class='ocrx_word' id='word_1_109' title='bbox 274 2509 339 2586; x_wconf 89' lang='lat' dir='ltr'><strong>bac</strong></span> <span class='ocrx_word' id='word_1_110' title='bbox 356 2509 403 2584; x_wconf 89' lang='lat' dir='ltr'><strong>de</strong></span> <span class='ocrx_word' id='word_1_111' title='bbox 419 2536 461 2583; x_wconf 89' lang='lat' dir='ltr'><strong>rc</strong></span> <span class='ocrx_word' id='word_1_112' title='bbox 475 2527 618 2585; x_wconf 87' lang='lat' dir='ltr'><strong>secutus</strong></span> <span class='ocrx_word' id='word_1_113' title='bbox 633 2527 689 2585; x_wconf 87' lang='lat' dir='ltr'><strong>est</strong></span> <span class='ocrx_word' id='word_1_114' title='bbox 707 2507 934 2613; x_wconf 88' lang='lat' dir='ltr'><strong>disciplinam</strong></span> <span class='ocrx_word' id='word_1_115' title='bbox 951 2508 1091 2610; x_wconf 84' lang='lat' dir='ltr'><strong>Esper,</strong></span> 
     </span>
     <span class='ocr_line' id='line_1_20' title="bbox 60 2628 1098 2735; baseline -0.002 -29"><span class='ocrx_word' id='word_1_116' title='bbox 60 2635 125 2735; x_wconf 91' lang='lat' dir='ltr'><strong>qui</strong></span> <span class='ocrx_word' id='word_1_117' title='bbox 151 2633 327 2707; x_wconf 76' lang='lat' dir='ltr'><strong>escharas</strong></span> <span class='ocrx_word' id='word_1_118' title='bbox 345 2632 456 2707; x_wconf 91' lang='lat' dir='ltr'><strong>modo</strong></span> <span class='ocrx_word' id='word_1_119' title='bbox 473 2635 574 2707; x_wconf 81' lang='lat' dir='ltr'><strong>inter</strong></span> <span class='ocrx_word' id='word_1_120' title='bbox 598 2638 835 2734; x_wconf 81' lang='lat' dir='ltr'><strong>celleporas‚</strong></span> <span class='ocrx_word' id='word_1_121' title='bbox 862 2628 972 2704; x_wconf 91' lang='lat' dir='ltr'><strong>modo</strong></span> <span class='ocrx_word' id='word_1_122' title='bbox 1000 2633 1098 2704; x_wconf 90' lang='lat' dir='ltr'><strong>inter</strong></span> 
     </span>
     <span class='ocr_line' id='line_1_21' title="bbox 61 2752 1095 2859; baseline -0.002 -28"><span class='ocrx_word' id='word_1_123' title='bbox 61 2762 271 2859; x_wconf 82' lang='lat' dir='ltr'><strong>milleporas</strong></span> <span class='ocrx_word' id='word_1_124' title='bbox 287 2754 441 2857; x_wconf 75' lang='lat' dir='ltr'><strong>jactarit</strong></span> <span class='ocrx_word' id='word_1_125' title='bbox 481 2756 585 2848; x_wconf 84' lang='lat' dir='ltr'><strong>Quod</strong></span> <span class='ocrx_word' id='word_1_126' title='bbox 601 2773 720 2829; x_wconf 91' lang='lat' dir='ltr'><strong>autem</strong></span> <span class='ocrx_word' id='word_1_127' title='bbox 739 2756 899 2858; x_wconf 88' lang='lat' dir='ltr'><strong>pertinet</strong></span> <span class='ocrx_word' id='word_1_128' title='bbox 914 2752 960 2828; x_wconf 93' lang='lat' dir='ltr'><strong>ad</strong></span> <span class='ocrx_word' id='word_1_129' title='bbox 982 2777 1095 2858; x_wconf 83' lang='lat' dir='ltr'><strong>genas</strong></span> 
     </span>
     <span class='ocr_line' id='line_1_22' title="bbox 61 2874 1098 2982; baseline -0.001 -31"><span class='ocrx_word' id='word_1_130' title='bbox 61 2876 256 2974; x_wconf 74' lang='lat' dir='ltr'><strong>escherte,</strong></span> <span class='ocrx_word' id='word_1_131' title='bbox 293 2881 370 2972; x_wconf 87' lang='lat' dir='ltr'><strong>ait,</strong></span> <span class='ocrx_word' id='word_1_132' title='bbox 397 2881 521 2982; x_wconf 82' lang='lat' dir='ltr'><strong>inepte</strong></span> <span class='ocrx_word' id='word_1_133' title='bbox 555 2881 704 2972; x_wconf 85' lang='lat' dir='ltr'><strong>Pallas,</strong></span> <span class='ocrx_word' id='word_1_134' title='bbox 740 2895 778 2952; x_wconf 87' lang='lat' dir='ltr'><strong>et</strong></span> <span class='ocrx_word' id='word_1_135' title='bbox 803 2879 902 2953; x_wconf 80' lang='lat' dir='ltr'><strong>Mau</strong></span> <span class='ocrx_word' id='word_1_136' title='bbox 922 2874 1098 2952; x_wconf 81' lang='lat' dir='ltr'><strong>confundi</strong></span> 
     </span>
     <span class='ocr_line' id='line_1_23' title="bbox 66 2998 1093 3102; baseline 0.001 -28"><span class='ocrx_word' id='word_1_137' title='bbox 66 3003 165 3075; x_wconf 90' lang='lat' dir='ltr'><strong>inter</strong></span> <span class='ocrx_word' id='word_1_138' title='bbox 189 3026 230 3075; x_wconf 88' lang='lat' dir='ltr'><strong>sc</strong></span> <span class='ocrx_word' id='word_1_139' title='bbox 264 2999 340 3075; x_wconf 87' lang='lat' dir='ltr'><strong>baec</strong></span> <span class='ocrx_word' id='word_1_140' title='bbox 365 2998 437 3074; x_wconf 94' lang='lat' dir='ltr'><strong>duo</strong></span> <span class='ocrx_word' id='word_1_141' title='bbox 464 3025 628 3102; x_wconf 81' lang='lat' dir='ltr'><strong>genera,</strong></span> <span class='ocrx_word' id='word_1_142' title='bbox 651 3003 736 3101; x_wconf 90' lang='lat' dir='ltr'><strong>qnia</strong></span> <span class='ocrx_word' id='word_1_143' title='bbox 747 2999 894 3098; x_wconf 81' lang='lat' dir='ltr'><strong>flustra</strong></span> <span class='ocrx_word' id='word_1_144' title='bbox 927 2998 1093 3075; x_wconf 80' lang='lat' dir='ltr'><strong>flexibilis</strong></span> 
     </span>
     <span class='ocr_line' id='line_1_24' title="bbox 63 3121 1095 3225; baseline -0.002 -29"><span class='ocrx_word' id='word_1_145' title='bbox 63 3141 121 3196; x_wconf 88' lang='lat' dir='ltr'><strong>cst</strong></span> <span class='ocrx_word' id='word_1_146' title='bbox 137 3179 149 3214; x_wconf 90' lang='lat'><strong><em>,</em></strong></span> <span class='ocrx_word' id='word_1_147' title='bbox 176 3139 213 3196; x_wconf 90' lang='lat' dir='ltr'><strong>et</strong></span> <span class='ocrx_word' id='word_1_148' title='bbox 227 3124 313 3224; x_wconf 86' lang='lat' dir='ltr'><strong>quia</strong></span> <span class='ocrx_word' id='word_1_149' title='bbox 330 3121 477 3197; x_wconf 87' lang='lat' dir='ltr'><strong>cellulas</strong></span> <span class='ocrx_word' id='word_1_150' title='bbox 490 3121 601 3204; x_wconf 85' lang='lat' dir='ltr'><strong>babet</strong></span> <span class='ocrx_word' id='word_1_151' title='bbox 622 3121 690 3197; x_wconf 90' lang='lat' dir='ltr'><strong>alia</strong></span> <span class='ocrx_word' id='word_1_152' title='bbox 704 3121 819 3196; x_wconf 85' lang='lat' dir='ltr'><strong>forma</strong></span> <span class='ocrx_word' id='word_1_153' title='bbox 836 3121 1007 3225; x_wconf 83' lang='lat' dir='ltr'><strong>praeditas</strong></span> <span class='ocrx_word' id='word_1_154' title='bbox 1022 3122 1095 3221; x_wconf 78' lang='lat'><strong>(3).</strong></span> 
     </span>
    </p>

    <p class='ocr_par' dir='ltr' id='par_1_6' title="bbox 63 3243 1095 3721">
     <span class='ocr_line' id='line_1_25' title="bbox 114 3243 1092 3344; baseline -0.002 -25"><span class='ocrx_word' id='word_1_155' title='bbox 114 3245 208 3319; x_wconf 87' lang='lat' dir='ltr'><strong>Huic</strong></span> <span class='ocrx_word' id='word_1_156' title='bbox 232 3244 476 3339; x_wconf 88' lang='lat' dir='ltr'><strong>distinctioni,</strong></span> <span class='ocrx_word' id='word_1_157' title='bbox 503 3246 736 3338; x_wconf 78' lang='lat' dir='ltr'><strong>aLamarclr‚</strong></span> <span class='ocrx_word' id='word_1_158' title='bbox 760 3247 951 3321; x_wconf 71' lang='lat' dir='ltr'><strong>memoriae</strong></span> <span class='ocrx_word' id='word_1_159' title='bbox 972 3243 1092 3344; x_wconf 79' lang='lat' dir='ltr'><strong>juvan-</strong></span> 
     </span>
     <span class='ocr_line' id='line_1_26' title="bbox 64 3365 1088 3468; baseline -0.003 -25"><span class='ocrx_word' id='word_1_160' title='bbox 64 3369 122 3444; x_wconf 86' lang='lat' dir='ltr'><strong>dae</strong></span> <span class='ocrx_word' id='word_1_161' title='bbox 138 3392 244 3442; x_wconf 87' lang='lat' dir='ltr'><strong>causa</strong></span> <span class='ocrx_word' id='word_1_162' title='bbox 265 3365 501 3462; x_wconf 79' lang='lat' dir='ltr'><strong>confirmatae,</strong></span> <span class='ocrx_word' id='word_1_163' title='bbox 518 3372 679 3468; x_wconf 88' lang='lat' dir='ltr'><strong>quamvis</strong></span> <span class='ocrx_word' id='word_1_164' title='bbox 701 3369 794 3444; x_wconf 83' lang='lat' dir='ltr'><strong>veris</strong></span> <span class='ocrx_word' id='word_1_165' title='bbox 817 3365 1088 3441; x_wconf 88' lang='lat' dir='ltr'><strong>characteribus</strong></span> 
     </span>
     <span class='ocr_line' id='line_1_27' title="bbox 63 3487 1089 3591; baseline -0.003 -25"><span class='ocrx_word' id='word_1_166' title='bbox 63 3489 272 3591; x_wconf 86' lang='lat' dir='ltr'><strong>haudquam</strong></span> <span class='ocrx_word' id='word_1_167' title='bbox 296 3489 469 3584; x_wconf 80' lang='lat' dir='ltr'><strong>suffultae,</strong></span> <span class='ocrx_word' id='word_1_168' title='bbox 495 3488 581 3563; x_wconf 91' lang='lat' dir='ltr'><strong>nibil</strong></span> <span class='ocrx_word' id='word_1_169' title='bbox 607 3493 827 3564; x_wconf 83' lang='lat' dir='ltr'><strong>Lamoroux</strong></span> <span class='ocrx_word' id='word_1_170' title='bbox 845 3487 1089 3589; x_wconf 75' lang='lat' dir='ltr'><strong>adjiciendum</strong></span> 
     </span>
     <span class='ocr_line' id='line_1_28' title="bbox 63 3608 1095 3721; baseline -0.003 -32"><span class='ocrx_word' id='word_1_171' title='bbox 63 3614 218 3721; x_wconf 79' lang='lat' dir='ltr'><strong>putarit,</strong></span> <span class='ocrx_word' id='word_1_172' title='bbox 244 3613 306 3714; x_wconf 92' lang='lat' dir='ltr'><strong>qui</strong></span> <span class='ocrx_word' id='word_1_173' title='bbox 323 3611 577 3687; x_wconf 84' lang='lat' dir='ltr'><strong>delinitionisa</strong></span> <span class='ocrx_word' id='word_1_174' title='bbox 602 3613 787 3687; x_wconf 79' lang='lat' dir='ltr'><strong>Lamarcls</strong></span> <span class='ocrx_word' id='word_1_175' title='bbox 802 3608 963 3716; x_wconf 82' lang='lat' dir='ltr'><strong>praeditoe</strong></span> <span class='ocrx_word' id='word_1_176' title='bbox 986 3615 1095 3687; x_wconf 80' lang='lat' dir='ltr'><strong>urtice</strong></span> 
     </span>
    </p>
   </div>
   <div class='ocr_carea' id='block_1_3' title="bbox 74 3833 822 4084">
    <p class='ocr_par' dir='ltr' id='par_1_7' title="bbox 74 3833 822 4084">
     <span class='ocr_line' id='line_1_29' title="bbox 79 3833 822 3908; baseline -0.001 -19"><span class='ocrx_word' id='word_1_177' title='bbox 79 3838 126 3908; x_wconf 84' lang='grc' dir='ltr'><strong>(ι)</strong></span> <span class='ocrx_word' id='word_1_178' title='bbox 143 3838 255 3901; x_wconf 83' lang='lat' dir='ltr'><strong>Pallas,</strong></span> <span class='ocrx_word' id='word_1_179' title='bbox 279 3835 413 3888; x_wconf 83' lang='lat' dir='ltr'><strong>Elenchus</strong></span> <span class='ocrx_word' id='word_1_180' title='bbox 430 3835 531 3905; x_wconf 84' lang='lat' dir='ltr'><strong>Zooph.</strong></span> <span class='ocrx_word' id='word_1_181' title='bbox 548 3851 610 3906; x_wconf 74' lang='lat' dir='ltr'><strong>pag.</strong></span> <span class='ocrx_word' id='word_1_182' title='bbox 629 3833 659 3886; x_wconf 88' lang='lat'><strong>51</strong></span> <span class='ocrx_word' id='word_1_183' title='bbox 679 3841 706 3886; x_wconf 85' lang='lat' dir='ltr'><strong>et</strong></span> <span class='ocrx_word' id='word_1_184' title='bbox 721 3833 822 3888; x_wconf 79' lang='lat' dir='ltr'><strong>soen.</strong></span> 
     </span>
     <span class='ocr_line' id='line_1_30' title="bbox 74 3921 752 3996; baseline -0.004 -19"><span class='ocrx_word' id='word_1_185' title='bbox 74 3925 121 3996; x_wconf 79' lang='lat' dir='ltr'><strong>(a)</strong></span> <span class='ocrx_word' id='word_1_186' title='bbox 139 3924 252 3992; x_wconf 81' lang='lat' dir='ltr'><strong>Syrtem.</strong></span> <span class='ocrx_word' id='word_1_187' title='bbox 273 3933 374 3978; x_wconf 74' lang='lat' dir='ltr'><strong>natura</strong></span> <span class='ocrx_word' id='word_1_188' title='bbox 398 3933 469 3979; x_wconf 83' lang='lat' dir='ltr'><strong>auct.</strong></span> <span class='ocrx_word' id='word_1_189' title='bbox 489 3925 570 3977; x_wconf 74' lang='lat' dir='ltr'><strong>bina.</strong></span> <span class='ocrx_word' id='word_1_190' title='bbox 588 3923 649 3976; x_wconf 78' lang='lat' dir='ltr'><strong>ride</strong></span> <span class='ocrx_word' id='word_1_191' title='bbox 657 3921 752 3993; x_wconf 79' lang='lat' dir='ltr'><strong>flnrtr.</strong></span> 
     </span>
     <span class='ocr_line' id='line_1_31' title="bbox 74 4012 734 4084; baseline 0 -21"><span class='ocrx_word' id='word_1_192' title='bbox 74 4012 119 4083; x_wconf 75' lang='lat'><strong>(3)</strong></span> <span class='ocrx_word' id='word_1_193' title='bbox 136 4014 242 4084; x_wconf 78' lang='lat' dir='ltr'><strong>Erper,</strong></span> <span class='ocrx_word' id='word_1_194' title='bbox 264 4012 465 4067; x_wconf 80' lang='lat' dir='ltr'><strong>Pllanzentbier.</strong></span> <span class='ocrx_word' id='word_1_195' title='bbox 484 4024 543 4066; x_wconf 85' lang='lat' dir='ltr'><strong>tom.</strong></span> <span class='ocrx_word' id='word_1_196' title='bbox 565 4031 576 4064; x_wconf 83' lang='lat' dir='ltr'><strong>r</strong></span> <span class='ocrx_word' id='word_1_197' title='bbox 594 4030 654 4084; x_wconf 72' lang='lat' dir='ltr'><strong>pag.</strong></span> <span class='ocrx_word' id='word_1_198' title='bbox 677 4013 734 4081; x_wconf 69' lang='grc'><strong>145,</strong></span> 
     </span>
    </p>
   </div>
   <div class='ocr_carea' id='block_1_4' title="bbox 0 0 1384 4688">
    <p class='ocr_par' dir='ltr' id='par_1_8' title="bbox 0 0 1384 4688">
     <span class='ocr_line' id='line_1_32' title="bbox 0 0 1384 4688; baseline 0 0"><span class='ocrx_word' id='word_1_199' title='bbox 0 0 1384 4688; x_wconf 95' lang='lat' dir='ltr'><strong> </strong></span> 
     </span>
    </p>
   </div>
  </div>
 </body>
</html>
