2716 4694
168 280 218 357 62

217 401 313 477 Cave
340 414 460 474 tamen
485 423 546 494 ne,
571 415 612 474 ut
636 399 674 473 in
700 400 857 498 caeteris,
883 400 933 475 ita
950 402 988 475 in
1005 400 1201 479 remmom

165 525 355 601 turbinata
382 549 465 598 cum
490 520 678 626 Desrance
708 523 847 625 pariter
879 525 1013 600 senties
1037 525 1201 627 qualem,

167 647 314 750 qualem
338 674 357 721 r
377 648 529 721 Linnaeo
550 647 773 748 accepimus,
795 674 817 719 a
833 647 1202 722 Lamarclrrenovate

165 769 256 865 fuir,
281 785 449 845 nostrave
475 784 579 842 aetate
605 767 855 864 illustrarunt3
883 796 969 845 nam
1004 770 1202 846 mrbinolia

164 894 354 969 turbinata
383 894 527 966 Linnoei
564 890 748 966 turbinata
782 908 851 989 est,
877 918 951 967 non
977 919 1202 996 compressa3

167 1015 299 1091 deinde
325 1031 423 1090 extus
451 1031 591 1088 tentum
625 1013 847 1111 substricta,
873 1032 1001 1090 centro
1038 1016 1202 1092 discoido

165 1137 298 1244 pollet,
316 1153 443 1212 contra
459 1138 496 1210 in
512 1136 713 1212 turbinolia
729 1164 958 1242 comprcsra;
981 1164 1073 1242 ergo
1094 1165 1202 1215 unam

167 1261 328 1364 speciem
354 1285 432 1334 non
459 1261 692 1334 constituunt.

217 1383 415 1480 Caeterum,
437 1380 538 1484 quod
560 1383 1203 1480 numme-Edwards,turbinoliam

144 1550 148 1555 ·
166 1503 374 1610 delphinum
390 1507 425 1578 in
445 1504 538 1580 hanc
555 1508 718 1607 speciem
734 1532 955 1582 concurrere
970 1508 1202 1584 verissimum

168 1656 316 1733 quoque
334 1647 422 1733 puto
432 1688 445 1729 ‚
461 1656 545 1702 nam
561 1631 598 1701 in
615 1628 816 1704 turbinolia
836 1655 1050 1731 compressa
1074 1629 1203 1705 adsunt

167 1779 315 1855 quoque
341 1769 551 1831 memoratae
565 1749 705 1824 laminae
727 1768 957 1844 transversae,
979 1778 1065 1853 quae
1086 1751 1201 1856 longi·

165 1875 343 1950 tudinales
386 1877 601 1976 attingunt3
643 1875 805 1974 itemque
846 1873 1065 1976 irregulares
1110 1893 1201 1952 sunt.

164 1996 319 2092 Deinde,
342 1996 428 2098 quid
442 1996 572 2071 clarius
589 1995 694 2071 fateri
714 2013 851 2098 potest,
877 2023 988 2099 quam
1012 1997 1104 2073 illud
1128 2002 1201 2074 De·

151 2119 310 2222 france,
336 2118 400 2191 ubi
427 2136 602 2221 provocat
628 2120 819 2221 propriam
849 2121 1012 2223 speciem
1043 2119 1092 2194 ad
1121 2137 1200 2196 tur·

9 2302 13 2331 ,
91 2288 96 2297 ·
165 2242 340 2316 binoliam
364 2267 612 2344 compressam
636 2242 873 2334 Lanwromae3
899 2259 936 2317 et
961 2245 1042 2345 ipse
1063 2245 1198 2320 Lamo·

166 2391 273 2439 roux
300 2363 451 2438 candide
477 2363 610 2438 fatetur
636 2363 682 2438 de
713 2366 913 2439 turbinolia
944 2391 1200 2468 compressae

166 2490 350 2563 Lamarclr
375 2505 574 2561 memorata
601 2514 809 2562 sermonem
835 2487 980 2563 habere.

215 2611 355 2685 Pluries
388 2609 594 2712 hujusmodi
630 2613 851 2712 quaestiones
880 2628 1095 2709 occurrunt,
1122 2639 1199 2714 quae

166 2732 305 2808 directe
332 2731 378 2806 ad
403 2759 483 2805 rem
509 2751 670 2807 nostram
697 2735 882 2835 pertinere
910 2760 982 2807 non
1004 2733 1199 2832 videntur,

162 2853 227 2929 sed
254 2881 366 2955 quum
392 2855 623 2955 potissimum
659 2857 804 2930 intersit
837 2881 959 2928 veram
994 2860 1200 2958 specierum

164 2992 330 3049 naturam
352 3002 592 3076 cognoscere,
614 2980 799 3080 praecipua
821 2977 949 3053 saltem
969 2997 1056 3055 sunt
1078 2978 1200 3055 discri-

166 3098 264 3171 mina
289 3097 450 3172 ferenda.

215 3219 455 3294 Herbitam...
478 3223 675 3324 Reperitur
700 3225 737 3297 in
763 3224 1010 3326 Delphicam,
1037 3243 1077 3300 et
1102 3227 1198 3302 alibi.

163 3344 258 3417 Mus.
279 3345 384 3418 Britt.
405 3347 520 3420 Paris.
542 3348 638 3422 Mus.
660 3349 806 3427 Taurin.
830 3348 984 3424 Collect.
1001 3349 1197 3442 Michelin,

165 3466 369 3567 Desramcc,
389 3468 611 3545 Michelotti.
