<?xml version="1.0" encoding="UTF-8"?>
<!DOCTYPE html PUBLIC "-//W3C//DTD XHTML 1.0 Transitional//EN"
    "http://www.w3.org/TR/xhtml1/DTD/xhtml1-transitional.dtd">
<html xmlns="http://www.w3.org/1999/xhtml" xml:lang="en" lang="en">
 <head>
  <title>
</title>
<meta http-equiv="Content-Type" content="text/html;charset=utf-8" />
  <meta name='ocr-system' content='tesseract 3.04.00' />
  <meta name='ocr-capabilities' content='ocr_page ocr_carea ocr_par ocr_line ocrx_word'/>
</head>
<body>
  <div class='ocr_page' id='page_1' title='image "./specimenzoophyt00michgoog_0120.png"; bbox 0 0 2716 4694; ppageno 0'>
   <div class='ocr_carea' id='block_1_1' title="bbox 159 339 1191 997">
    <p class='ocr_par' dir='ltr' id='par_1_1' title="bbox 159 339 1191 997">
     <span class='ocr_line' id='line_1_1' title="bbox 1121 339 1162 386; baseline 0 0"><span class='ocrx_word' id='word_1_1' title='bbox 1121 339 1162 386; x_wconf 84' lang='grc' dir='ltr'><strong>ιο</strong></span> 
     </span>
     <span class='ocr_line' id='line_1_2' title="bbox 209 341 1189 536; baseline 0.001 -27"><span class='ocrx_word' id='word_1_2' title='bbox 209 434 344 536; x_wconf 86' lang='lat' dir='ltr'><strong>Neque</strong></span> <span class='ocrx_word' id='word_1_3' title='bbox 364 439 553 509; x_wconf 82' lang='lat' dir='ltr'><strong>sarcinula</strong></span> <span class='ocrx_word' id='word_1_4' title='bbox 573 457 757 533; x_wconf 82' lang='lat' dir='ltr'><strong>acroporo</strong></span> <span class='ocrx_word' id='word_1_5' title='bbox 777 430 951 506; x_wconf 78' lang='lat' dir='ltr'><strong>confundi</strong></span> <span class='ocrx_word' id='word_1_6' title='bbox 968 449 1091 535; x_wconf 86' lang='lat' dir='ltr'><strong>potest</strong></span> <span class='ocrx_word' id='word_1_7' title='bbox 1107 341 1189 511; x_wconf 79' lang='lat' dir='ltr'><strong>cuni</strong></span> 
     </span>
     <span class='ocr_line' id='line_1_3' title="bbox 159 555 1191 658; baseline -0.002 -27"><span class='ocrx_word' id='word_1_8' title='bbox 159 563 352 632; x_wconf 75' lang='lat' dir='ltr'><strong>sarcinata</strong></span> <span class='ocrx_word' id='word_1_9' title='bbox 369 555 587 658; x_wconf 70' lang='lat' dir='ltr'><strong>perforato,</strong></span> <span class='ocrx_word' id='word_1_10' title='bbox 614 572 675 628; x_wconf 90' lang='lat' dir='ltr'><strong>aut</strong></span> <span class='ocrx_word' id='word_1_11' title='bbox 700 581 783 629; x_wconf 90' lang='lat' dir='ltr'><strong>cum</strong></span> <span class='ocrx_word' id='word_1_12' title='bbox 807 560 994 629; x_wconf 69' lang='lat' dir='ltr'><strong>sarcinula</strong></span> <span class='ocrx_word' id='word_1_13' title='bbox 1018 573 1191 648; x_wconf 78' lang='lat' dir='ltr'><strong>oostota5</strong></span> 
     </span>
     <span class='ocr_line' id='line_1_4' title="bbox 160 675 1191 779; baseline 0.001 -25"><span class='ocrx_word' id='word_1_14' title='bbox 160 679 283 754; x_wconf 87' lang='lat' dir='ltr'><strong>tubuli</strong></span> <span class='ocrx_word' id='word_1_15' title='bbox 316 681 415 752; x_wconf 89' lang='lat' dir='ltr'><strong>enim</strong></span> <span class='ocrx_word' id='word_1_16' title='bbox 454 704 602 779; x_wconf 82' lang='lat' dir='ltr'><strong>margo,</strong></span> <span class='ocrx_word' id='word_1_17' title='bbox 632 676 846 778; x_wconf 86' lang='lat' dir='ltr'><strong>superficies</strong></span> <span class='ocrx_word' id='word_1_18' title='bbox 881 675 1032 754; x_wconf 88' lang='lat' dir='ltr'><strong>stellaris</strong></span> <span class='ocrx_word' id='word_1_19' title='bbox 1058 696 1191 755; x_wconf 85' lang='lat' dir='ltr'><strong>nostrae</strong></span> 
     </span>
     <span class='ocr_line' id='line_1_5' title="bbox 160 782 965 902; baseline -0.002 -27"><span class='ocrx_word' id='word_1_20' title='bbox 160 782 360 876; x_wconf 59' lang='lat' dir='ltr'><strong>rodoinuloe</strong></span> <span class='ocrx_word' id='word_1_21' title='bbox 385 800 469 874; x_wconf 89' lang='lat' dir='ltr'><strong>huie</strong></span> <span class='ocrx_word' id='word_1_22' title='bbox 487 798 729 901; x_wconf 77' lang='lat' dir='ltr'><strong>conjunctioni</strong></span> <span class='ocrx_word' id='word_1_23' title='bbox 749 816 965 902; x_wconf 82' lang='lat' dir='ltr'><strong>repugnant.</strong></span> 
     </span>
     <span class='ocr_line' id='line_1_6' title="bbox 213 922 808 997; baseline -0.003 -1"><span class='ocrx_word' id='word_1_24' title='bbox 213 923 366 997; x_wconf 80' lang='lat' dir='ltr'><strong>Habitat</strong></span> <span class='ocrx_word' id='word_1_25' title='bbox 390 925 428 996; x_wconf 90' lang='lat' dir='ltr'><strong>in</strong></span> <span class='ocrx_word' id='word_1_26' title='bbox 455 924 547 995; x_wconf 83' lang='lat' dir='ltr'><strong>mari</strong></span> <span class='ocrx_word' id='word_1_27' title='bbox 571 922 808 997; x_wconf 81' lang='lat' dir='ltr'><strong>Americano.</strong></span> 
     </span>
    </p>
   </div>
   <div class='ocr_carea' id='block_1_2' title="bbox 161 1042 1191 1474">
    <p class='ocr_par' dir='ltr' id='par_1_2' title="bbox 161 1042 1191 1474">
     <span class='ocr_line' id='line_1_7' title="bbox 214 1042 845 1147; baseline -0.003 -28"><span class='ocrx_word' id='word_1_28' title='bbox 214 1047 414 1147; x_wconf 89' lang='lat' dir='ltr'><strong>Reperitur</strong></span> <span class='ocrx_word' id='word_1_29' title='bbox 439 1046 477 1117; x_wconf 88' lang='lat' dir='ltr'><strong>in</strong></span> <span class='ocrx_word' id='word_1_30' title='bbox 503 1042 595 1117; x_wconf 82' lang='lat' dir='ltr'><strong>colle</strong></span> <span class='ocrx_word' id='word_1_31' title='bbox 620 1045 845 1118; x_wconf 88' lang='lat' dir='ltr'><strong>Taurinensi.</strong></span> 
     </span>
     <span class='ocr_line' id='line_1_8' title="bbox 212 1167 1191 1258; baseline 0 -16"><span class='ocrx_word' id='word_1_32' title='bbox 212 1171 380 1244; x_wconf 83' lang='lat' dir='ltr'><strong>Museum</strong></span> <span class='ocrx_word' id='word_1_33' title='bbox 407 1169 553 1241; x_wconf 88' lang='lat' dir='ltr'><strong>Taurin.</strong></span> <span class='ocrx_word' id='word_1_34' title='bbox 579 1167 625 1240; x_wconf 89' lang='lat' dir='ltr'><strong>N.</strong></span> <span class='ocrx_word' id='word_1_35' title='bbox 662 1220 672 1239; x_wconf 93' lang='lat'><strong><em>.</em></strong></span> <span class='ocrx_word' id='word_1_36' title='bbox 698 1222 708 1239; x_wconf 89' lang='lat'><strong>.</strong></span> <span class='ocrx_word' id='word_1_37' title='bbox 735 1223 744 1240; x_wconf 89' lang='lat'><strong>.</strong></span> <span class='ocrx_word' id='word_1_38' title='bbox 772 1167 972 1243; x_wconf 84' lang='lat' dir='ltr'><strong>.Coiieotio</strong></span> <span class='ocrx_word' id='word_1_39' title='bbox 993 1170 1162 1244; x_wconf 83' lang='lat' dir='ltr'><strong>Bellordi</strong></span> <span class='ocrx_word' id='word_1_40' title='bbox 1175 1224 1191 1258; x_wconf 83' lang='lat'><em>,</em></span> 
     </span>
     <span class='ocr_line' id='line_1_9' title="bbox 161 1289 613 1380; baseline -0.011 -13"><span class='ocrx_word' id='word_1_41' title='bbox 161 1291 376 1380; x_wconf 77' lang='lat' dir='ltr'><strong>Rochetto,</strong></span> <span class='ocrx_word' id='word_1_42' title='bbox 396 1289 613 1366; x_wconf 78' lang='lat' dir='ltr'><strong>Michelotti.</strong></span> 
     </span>
     <span class='ocr_line' id='line_1_10' title="bbox 464 1409 904 1474; baseline -0.002 -1"><span class='ocrx_word' id='word_1_43' title='bbox 464 1409 727 1474; x_wconf 74' lang='lat' dir='ltr'><strong>saucluuua</strong></span> <span class='ocrx_word' id='word_1_44' title='bbox 754 1410 904 1474; x_wconf 75' lang='lat' dir='ltr'><strong>PLANA</strong></span> 
     </span>
    </p>
   </div>
   <div class='ocr_carea' id='block_1_3' title="bbox 111 1536 1201 4075">
    <p class='ocr_par' dir='ltr' id='par_1_3' title="bbox 417 1536 944 1635">
     <span class='ocr_line' id='line_1_11' title="bbox 417 1536 944 1635; baseline 0.002 -25"><span class='ocrx_word' id='word_1_45' title='bbox 417 1562 520 1610; x_wconf 80' lang='lat' dir='ltr'><strong>roris</strong></span> <span class='ocrx_word' id='word_1_46' title='bbox 549 1536 679 1630; x_wconf 82' lang='lat' dir='ltr'><strong>(Tab.</strong></span> <span class='ocrx_word' id='word_1_47' title='bbox 700 1537 771 1612; x_wconf 88' lang='lat' dir='ltr'><strong>IV.</strong></span> <span class='ocrx_word' id='word_1_48' title='bbox 784 1539 859 1635; x_wconf 77' lang='lat' dir='ltr'><strong>fig.</strong></span> <span class='ocrx_word' id='word_1_49' title='bbox 887 1537 944 1634; x_wconf 80' lang='lat'><strong>5)</strong></span> 
     </span>
    </p>

    <p class='ocr_par' dir='ltr' id='par_1_4' title="bbox 165 1678 1189 1975">
     <span class='ocr_line' id='line_1_12' title="bbox 165 1678 1187 1765; baseline -0.001 -22"><span class='ocrx_word' id='word_1_50' title='bbox 165 1681 263 1743; x_wconf 83' lang='lat' dir='ltr'><strong>Tobis</strong></span> <span class='ocrx_word' id='word_1_51' title='bbox 283 1678 472 1759; x_wconf 73' lang='lat' dir='ltr'><strong>rotundatis,</strong></span> <span class='ocrx_word' id='word_1_52' title='bbox 507 1680 683 1762; x_wconf 75' lang='lat' dir='ltr'><strong>elongatis,</strong></span> <span class='ocrx_word' id='word_1_53' title='bbox 703 1679 860 1759; x_wconf 80' lang='lat' dir='ltr'><strong><em>adnexis,</em></strong></span> <span class='ocrx_word' id='word_1_54' title='bbox 893 1678 1050 1765; x_wconf 69' lang='lat' dir='ltr'><strong>superficie</strong></span> <span class='ocrx_word' id='word_1_55' title='bbox 1067 1682 1187 1765; x_wconf 80' lang='lat' dir='ltr'><strong>plana,</strong></span> 
     </span>
     <span class='ocr_line' id='line_1_13' title="bbox 200 1786 1189 1871; baseline 0.001 -23"><span class='ocrx_word' id='word_1_56' title='bbox 200 1789 342 1868; x_wconf 77' lang='lat' dir='ltr'><strong><em>margine</em></strong></span> <span class='ocrx_word' id='word_1_57' title='bbox 363 1789 505 1868; x_wconf 61' lang='lat' dir='ltr'><strong>integrm</strong></span> <span class='ocrx_word' id='word_1_58' title='bbox 526 1787 621 1847; x_wconf 82' lang='lat' dir='ltr'><strong>stellis</strong></span> <span class='ocrx_word' id='word_1_59' title='bbox 635 1786 707 1847; x_wconf 69' lang='lat' dir='ltr'><strong>latu</strong></span> <span class='ocrx_word' id='word_1_60' title='bbox 719 1787 899 1871; x_wconf 78' lang='lat' dir='ltr'><strong>‹equalibus;</strong></span> <span class='ocrx_word' id='word_1_61' title='bbox 918 1788 1080 1849; x_wconf 61' lang='lat' dir='ltr'><strong>interstitia</strong></span> <span class='ocrx_word' id='word_1_62' title='bbox 1099 1807 1189 1848; x_wconf 85' lang='lat' dir='ltr'><strong>mor·</strong></span> 
     </span>
     <span class='ocr_line' id='line_1_14' title="bbox 198 1887 653 1975; baseline 0 -23"><span class='ocrx_word' id='word_1_63' title='bbox 198 1892 323 1975; x_wconf 79' lang='lat' dir='ltr'><strong>ginibus</strong></span> <span class='ocrx_word' id='word_1_64' title='bbox 347 1887 461 1952; x_wconf 79' lang='lat' dir='ltr'><strong>levibus</strong></span> <span class='ocrx_word' id='word_1_65' title='bbox 481 1894 653 1971; x_wconf 77' lang='lat' dir='ltr'><strong>conjuncto.</strong></span> 
     </span>
    </p>

    <p class='ocr_par' dir='ltr' id='par_1_5' title="bbox 162 2013 1195 2607">
     <span class='ocr_line' id='line_1_15' title="bbox 216 2013 1191 2118; baseline 0.006 -31"><span class='ocrx_word' id='word_1_66' title='bbox 216 2016 288 2090; x_wconf 85' lang='lat' dir='ltr'><strong>Vel</strong></span> <span class='ocrx_word' id='word_1_67' title='bbox 314 2014 352 2089; x_wconf 92' lang='lat' dir='ltr'><strong>id</strong></span> <span class='ocrx_word' id='word_1_68' title='bbox 376 2043 514 2110; x_wconf 87' lang='lat' dir='ltr'><strong>unum,</strong></span> <span class='ocrx_word' id='word_1_69' title='bbox 541 2013 644 2116; x_wconf 88' lang='lat' dir='ltr'><strong>quod</strong></span> <span class='ocrx_word' id='word_1_70' title='bbox 667 2017 846 2118; x_wconf 82' lang='lat' dir='ltr'>margines</span> <span class='ocrx_word' id='word_1_71' title='bbox 887 2043 928 2093; x_wconf 94' lang='lat' dir='ltr'><strong>se</strong></span> <span class='ocrx_word' id='word_1_72' title='bbox 966 2041 1105 2092; x_wconf 90' lang='lat' dir='ltr'><strong>senon</strong></span> <span class='ocrx_word' id='word_1_73' title='bbox 1131 2043 1191 2093; x_wconf 87' lang='lat' dir='ltr'><strong>ex·</strong></span> 
     </span>
     <span class='ocr_line' id='line_1_16' title="bbox 162 2137 1192 2244; baseline 0.001 -30"><span class='ocrx_word' id='word_1_74' title='bbox 162 2137 339 2227; x_wconf 88' lang='lat' dir='ltr'><strong>tendant,</strong></span> <span class='ocrx_word' id='word_1_75' title='bbox 364 2138 552 2238; x_wconf 85' lang='lat' dir='ltr'><strong>tubulique</strong></span> <span class='ocrx_word' id='word_1_76' title='bbox 572 2164 647 2212; x_wconf 91' lang='lat' dir='ltr'><strong>non</strong></span> <span class='ocrx_word' id='word_1_77' title='bbox 664 2138 754 2212; x_wconf 91' lang='lat' dir='ltr'><strong>adeo</strong></span> <span class='ocrx_word' id='word_1_78' title='bbox 779 2156 989 2216; x_wconf 81' lang='lat' dir='ltr'><strong>constanter</strong></span> <span class='ocrx_word' id='word_1_79' title='bbox 1014 2140 1192 2244; x_wconf 82' lang='lat' dir='ltr'><strong>cylindru-</strong></span> 
     </span>
     <span class='ocr_line' id='line_1_17' title="bbox 165 2259 1192 2361; baseline 0 -25"><span class='ocrx_word' id='word_1_80' title='bbox 165 2287 270 2336; x_wconf 89' lang='lat' dir='ltr'><strong>ceam</strong></span> <span class='ocrx_word' id='word_1_81' title='bbox 297 2259 449 2334; x_wconf 87' lang='lat' dir='ltr'><strong>induant</strong></span> <span class='ocrx_word' id='word_1_82' title='bbox 472 2259 656 2355; x_wconf 87' lang='lat' dir='ltr'><strong>formam,</strong></span> <span class='ocrx_word' id='word_1_83' title='bbox 683 2261 781 2361; x_wconf 87' lang='lat' dir='ltr'><strong>quod</strong></span> <span class='ocrx_word' id='word_1_84' title='bbox 808 2261 1013 2337; x_wconf 88' lang='lat' dir='ltr'><strong>ambulacra</strong></span> <span class='ocrx_word' id='word_1_85' title='bbox 1044 2265 1115 2337; x_wconf 89' lang='lat' dir='ltr'><strong>sint</strong></span> <span class='ocrx_word' id='word_1_86' title='bbox 1139 2263 1192 2336; x_wconf 89' lang='lat' dir='ltr'><strong>le-</strong></span> 
     </span>
     <span class='ocr_line' id='line_1_18' title="bbox 164 2381 1195 2486; baseline 0 -28"><span class='ocrx_word' id='word_1_87' title='bbox 164 2384 261 2458; x_wconf 83' lang='lat' dir='ltr'><strong>viter</strong></span> <span class='ocrx_word' id='word_1_88' title='bbox 287 2385 429 2477; x_wconf 87' lang='lat' dir='ltr'><strong>striata,</strong></span> <span class='ocrx_word' id='word_1_89' title='bbox 453 2382 596 2479; x_wconf 86' lang='lat' dir='ltr'><strong>suffieit,</strong></span> <span class='ocrx_word' id='word_1_90' title='bbox 625 2399 666 2457; x_wconf 89' lang='lat' dir='ltr'><strong>ut</strong></span> <span class='ocrx_word' id='word_1_91' title='bbox 694 2381 788 2457; x_wconf 88' lang='lat' dir='ltr'><strong>hauc</strong></span> <span class='ocrx_word' id='word_1_92' title='bbox 816 2386 977 2486; x_wconf 88' lang='lat' dir='ltr'><strong>speciem</strong></span> <span class='ocrx_word' id='word_1_93' title='bbox 1002 2383 1195 2486; x_wconf 84' lang='lat' dir='ltr'><strong>distingua-</strong></span> 
     </span>
     <span class='ocr_line' id='line_1_19' title="bbox 165 2507 1119 2607; baseline 0.001 -29"><span class='ocrx_word' id='word_1_94' title='bbox 165 2530 246 2578; x_wconf 89' lang='lat' dir='ltr'><strong>mus</strong></span> <span class='ocrx_word' id='word_1_95' title='bbox 274 2533 293 2578; x_wconf 88' lang='lat' dir='ltr'><strong>a</strong></span> <span class='ocrx_word' id='word_1_96' title='bbox 319 2507 468 2607; x_wconf 85' lang='lat' dir='ltr'><strong>priore,</strong></span> <span class='ocrx_word' id='word_1_97' title='bbox 495 2531 577 2579; x_wconf 88' lang='lat' dir='ltr'><strong>cum</strong></span> <span class='ocrx_word' id='word_1_98' title='bbox 603 2531 676 2606; x_wconf 86' lang='lat' dir='ltr'><strong>qua</strong></span> <span class='ocrx_word' id='word_1_99' title='bbox 700 2508 914 2606; x_wconf 84' lang='lat' dir='ltr'><strong>ceteroquin</strong></span> <span class='ocrx_word' id='word_1_100' title='bbox 939 2508 1119 2579; x_wconf 86' lang='lat' dir='ltr'><strong>convenit.</strong></span> 
     </span>
    </p>

    <p class='ocr_par' dir='ltr' id='par_1_6' title="bbox 111 2625 1196 3343">
     <span class='ocr_line' id='line_1_20' title="bbox 214 2625 1196 2730; baseline 0.002 -31"><span class='ocrx_word' id='word_1_101' title='bbox 214 2628 312 2700; x_wconf 90' lang='lat' dir='ltr'><strong>Dum</strong></span> <span class='ocrx_word' id='word_1_102' title='bbox 338 2644 458 2700; x_wconf 85' lang='lat' dir='ltr'><strong>tamen</strong></span> <span class='ocrx_word' id='word_1_103' title='bbox 484 2625 529 2701; x_wconf 91' lang='lat' dir='ltr'><strong>de</strong></span> <span class='ocrx_word' id='word_1_104' title='bbox 564 2633 756 2701; x_wconf 85' lang='lat' dir='ltr'><strong>sarcinula</strong></span> <span class='ocrx_word' id='word_1_105' title='bbox 778 2634 893 2730; x_wconf 81' lang='lat' dir='ltr'><strong>plano</strong></span> <span class='ocrx_word' id='word_1_106' title='bbox 920 2625 1041 2701; x_wconf 86' lang='lat' dir='ltr'><strong>dicere</strong></span> <span class='ocrx_word' id='word_1_107' title='bbox 1067 2630 1196 2729; x_wconf 86' lang='lat' dir='ltr'><strong>coepi,</strong></span> 
     </span>
     <span class='ocr_line' id='line_1_21' title="bbox 111 2749 1195 2852; baseline 0.002 -28"><span class='ocrx_word' id='word_1_108' title='bbox 111 2754 113 2759; x_wconf 78' lang='grc'><strong>’</strong></span> <span class='ocrx_word' id='word_1_109' title='bbox 161 2749 343 2841; x_wconf 86' lang='lat' dir='ltr'><strong>dubitavi,</strong></span> <span class='ocrx_word' id='word_1_110' title='bbox 368 2776 454 2822; x_wconf 91' lang='lat' dir='ltr'><strong>uum</strong></span> <span class='ocrx_word' id='word_1_111' title='bbox 477 2751 697 2852; x_wconf 83' lang='lat' dir='ltr'><strong>modreporo</strong></span> <span class='ocrx_word' id='word_1_112' title='bbox 724 2776 908 2852; x_wconf 81' lang='lat' dir='ltr'><strong>oeropora</strong></span> <span class='ocrx_word' id='word_1_113' title='bbox 933 2752 1067 2852; x_wconf 84' lang='lat' dir='ltr'><strong>Esperi</strong></span> <span class='ocrx_word' id='word_1_114' title='bbox 1088 2755 1195 2826; x_wconf 86' lang='lat' dir='ltr'><strong>aLa·</strong></span> 
     </span>
     <span class='ocr_line' id='line_1_22' title="bbox 164 2870 1195 2975; baseline 0.003 -29"><span class='ocrx_word' id='word_1_115' title='bbox 164 2874 293 2946; x_wconf 85' lang='lat' dir='ltr'><strong>marck</strong></span> <span class='ocrx_word' id='word_1_116' title='bbox 318 2870 457 2973; x_wconf 75' lang='lat' dir='ltr'><strong>adiecta</strong></span> <span class='ocrx_word' id='word_1_117' title='bbox 482 2878 657 2946; x_wconf 81' lang='lat' dir='ltr'><strong>rotulosoe</strong></span> <span class='ocrx_word' id='word_1_118' title='bbox 680 2890 829 2963; x_wconf 71' lang='lat' dir='ltr'><strong>aserere,¹</strong></span> <span class='ocrx_word' id='word_1_119' title='bbox 856 2898 1039 2975; x_wconf 89' lang='lat' dir='ltr'><strong>quamque</strong></span> <span class='ocrx_word' id='word_1_120' title='bbox 1049 2873 1195 2975; x_wconf 77' lang='lat' dir='ltr'><strong>serviam</strong></span> 
     </span>
     <span class='ocr_line' id='line_1_23' title="bbox 166 2992 1195 3097; baseline 0 -27"><span class='ocrx_word' id='word_1_121' title='bbox 166 2994 258 3070; x_wconf 83' lang='lat' dir='ltr'><strong>dixit</strong></span> <span class='ocrx_word' id='word_1_122' title='bbox 290 2993 543 3092; x_wconf 80' lang='lat' dir='ltr'><strong>Ehremberg,</strong></span> <span class='ocrx_word' id='word_1_123' title='bbox 570 2992 738 3095; x_wconf 90' lang='lat' dir='ltr'><strong>quaedam</strong></span> <span class='ocrx_word' id='word_1_124' title='bbox 781 2993 1015 3097; x_wconf 85' lang='lat' dir='ltr'><strong>praeseferret</strong></span> <span class='ocrx_word' id='word_1_125' title='bbox 1040 2995 1195 3092; x_wconf 85' lang='lat' dir='ltr'><strong>indicia,</strong></span> 
     </span>
     <span class='ocr_line' id='line_1_24' title="bbox 166 3114 1194 3220; baseline 0.002 -29"><span class='ocrx_word' id='word_1_126' title='bbox 166 3144 251 3220; x_wconf 91' lang='lat' dir='ltr'><strong>quae</strong></span> <span class='ocrx_word' id='word_1_127' title='bbox 278 3116 486 3190; x_wconf 87' lang='lat' dir='ltr'><strong>sufficereut</strong></span> <span class='ocrx_word' id='word_1_128' title='bbox 518 3114 564 3189; x_wconf 88' lang='lat' dir='ltr'><strong>ad</strong></span> <span class='ocrx_word' id='word_1_129' title='bbox 590 3115 903 3217; x_wconf 82' lang='lat' dir='ltr'><strong>dignoscendum,</strong></span> <span class='ocrx_word' id='word_1_130' title='bbox 929 3144 975 3191; x_wconf 87' lang='lat' dir='ltr'><strong>an</strong></span> <span class='ocrx_word' id='word_1_131' title='bbox 1016 3114 1073 3192; x_wconf 84' lang='lat' dir='ltr'><strong>hae</strong></span> <span class='ocrx_word' id='word_1_132' title='bbox 1113 3118 1194 3193; x_wconf 87' lang='lat' dir='ltr'><strong>duoe</strong></span> 
     </span>
     <span class='ocr_line' id='line_1_25' title="bbox 164 3239 920 3343; baseline -0.001 -28"><span class='ocrx_word' id='word_1_133' title='bbox 164 3241 313 3343; x_wconf 89' lang='lat' dir='ltr'><strong>species</strong></span> <span class='ocrx_word' id='word_1_134' title='bbox 339 3239 435 3311; x_wconf 92' lang='lat' dir='ltr'><strong>inter</strong></span> <span class='ocrx_word' id='word_1_135' title='bbox 460 3263 500 3311; x_wconf 90' lang='lat' dir='ltr'><strong>se</strong></span> <span class='ocrx_word' id='word_1_136' title='bbox 516 3263 646 3340; x_wconf 88' lang='lat' dir='ltr'><strong>reapse</strong></span> <span class='ocrx_word' id='word_1_137' title='bbox 673 3244 920 3314; x_wconf 87' lang='lat' dir='ltr'><strong>convenirent.</strong></span> 
     </span>
    </p>

    <p class='ocr_par' dir='ltr' id='par_1_7' title="bbox 165 3357 1201 4075">
     <span class='ocr_line' id='line_1_26' title="bbox 215 3357 1195 3461; baseline 0.001 -30"><span class='ocrx_word' id='word_1_138' title='bbox 215 3357 478 3432; x_wconf 85' lang='lat' dir='ltr'><strong>Definitionem</strong></span> <span class='ocrx_word' id='word_1_139' title='bbox 498 3359 650 3450; x_wconf 85' lang='lat' dir='ltr'><strong>Linnoei,</strong></span> <span class='ocrx_word' id='word_1_140' title='bbox 666 3362 799 3461; x_wconf 86' lang='lat' dir='ltr'><strong>prioris</strong></span> <span class='ocrx_word' id='word_1_141' title='bbox 814 3358 1035 3434; x_wconf 89' lang='lat' dir='ltr'><strong>definitionis</strong></span> <span class='ocrx_word' id='word_1_142' title='bbox 1053 3376 1195 3461; x_wconf 89' lang='lat' dir='ltr'><strong>partem</strong></span> 
     </span>
     <span class='ocr_line' id='line_1_27' title="bbox 165 3479 1191 3583; baseline 0.001 -28"><span class='ocrx_word' id='word_1_143' title='bbox 165 3480 320 3583; x_wconf 77' lang='lat' dir='ltr'><strong>artferre</strong></span> <span class='ocrx_word' id='word_1_144' title='bbox 362 3507 471 3555; x_wconf 90' lang='lat' dir='ltr'><strong>nemo</strong></span> <span class='ocrx_word' id='word_1_145' title='bbox 512 3479 706 3579; x_wconf 83' lang='lat' dir='ltr'><strong>inficiabit‚</strong></span> <span class='ocrx_word' id='word_1_146' title='bbox 733 3482 818 3557; x_wconf 89' lang='lat' dir='ltr'><strong>dum</strong></span> <span class='ocrx_word' id='word_1_147' title='bbox 866 3481 1046 3575; x_wconf 86' lang='lat' dir='ltr'><strong>tradidit,</strong></span> <span class='ocrx_word' id='word_1_148' title='bbox 1071 3479 1191 3556; x_wconf 85' lang='lat' dir='ltr'><strong>stellas</strong></span> 
     </span>
     <span class='ocr_line' id='line_1_28' title="bbox 166 3601 1191 3707; baseline -0.001 -30"><span class='ocrx_word' id='word_1_149' title='bbox 166 3601 369 3697; x_wconf 83' lang='lat' dir='ltr'><strong>confertas,</strong></span> <span class='ocrx_word' id='word_1_150' title='bbox 391 3602 597 3699; x_wconf 60' lang='lat' dir='ltr'><strong>annueres,</strong></span> <span class='ocrx_word' id='word_1_151' title='bbox 615 3604 834 3707; x_wconf 81' lang='lat' dir='ltr'><strong>promipuias</strong></span> <span class='ocrx_word' id='word_1_152' title='bbox 849 3603 978 3679; x_wconf 90' lang='lat' dir='ltr'><strong>adesse</strong></span> <span class='ocrx_word' id='word_1_153' title='bbox 998 3609 1036 3677; x_wconf 86' lang='lat' dir='ltr'><strong>iu</strong></span> <span class='ocrx_word' id='word_1_154' title='bbox 1057 3619 1191 3677; x_wconf 76' lang='lat' dir='ltr'><strong>ostrea</strong></span> 
     </span>
     <span class='ocr_line' id='line_1_29' title="bbox 167 3725 1193 3828; baseline 0.001 -29"><span class='ocrx_word' id='word_1_155' title='bbox 167 3750 385 3825; x_wconf 74' lang='lat' dir='ltr'><strong>acroporo5</strong></span> <span class='ocrx_word' id='word_1_156' title='bbox 412 3725 563 3803; x_wconf 87' lang='lat' dir='ltr'><strong>annulos</strong></span> <span class='ocrx_word' id='word_1_157' title='bbox 600 3752 756 3828; x_wconf 84' lang='lat' dir='ltr'><strong>parvos,</strong></span> <span class='ocrx_word' id='word_1_158' title='bbox 794 3726 1005 3821; x_wconf 78' lang='lat' dir='ltr'><strong>confertos,</strong></span> <span class='ocrx_word' id='word_1_159' title='bbox 1036 3726 1193 3800; x_wconf 85' lang='lat' dir='ltr'><strong>elevatos</strong></span> 
     </span>
     <span class='ocr_line' id='line_1_30' title="bbox 167 3847 1193 3950; baseline -0.004 -26"><span class='ocrx_word' id='word_1_160' title='bbox 167 3848 324 3924; x_wconf 89' lang='lat' dir='ltr'><strong>eandem</strong></span> <span class='ocrx_word' id='word_1_161' title='bbox 349 3850 545 3950; x_wconf 81' lang='lat' dir='ltr'><strong>praebere,</strong></span> <span class='ocrx_word' id='word_1_162' title='bbox 571 3848 682 3924; x_wconf 86' lang='lat' dir='ltr'><strong>fundo</strong></span> <span class='ocrx_word' id='word_1_163' title='bbox 710 3847 947 3950; x_wconf 82' lang='lat' dir='ltr'><strong>profundiori.</strong></span> <span class='ocrx_word' id='word_1_164' title='bbox 972 3851 1098 3950; x_wconf 87' lang='lat' dir='ltr'><strong>Itaque</strong></span> <span class='ocrx_word' id='word_1_165' title='bbox 1122 3848 1193 3921; x_wconf 91' lang='lat' dir='ltr'><strong>duo</strong></span> 
     </span>
     <span class='ocr_line' id='line_1_31' title="bbox 169 3969 1201 4075; baseline -0.003 -30"><span class='ocrx_word' id='word_1_166' title='bbox 169 3969 376 4047; x_wconf 88' lang='lat' dir='ltr'><strong>definienda</strong></span> <span class='ocrx_word' id='word_1_167' title='bbox 402 3990 597 4073; x_wconf 89' lang='lat' dir='ltr'><strong>supersunt</strong></span> <span class='ocrx_word' id='word_1_168' title='bbox 618 4002 628 4069; x_wconf 82' lang='lat'><em>3</em></span> <span class='ocrx_word' id='word_1_169' title='bbox 652 3975 773 4075; x_wconf 87' lang='lat' dir='ltr'><strong>primo</strong></span> <span class='ocrx_word' id='word_1_170' title='bbox 791 4032 802 4068; x_wconf 87' lang='lat'>‚</span> <span class='ocrx_word' id='word_1_171' title='bbox 823 3999 910 4048; x_wconf 91' lang='lat' dir='ltr'><strong>num</strong></span> <span class='ocrx_word' id='word_1_172' title='bbox 937 3990 1071 4046; x_wconf 77' lang='lat' dir='ltr'><strong>astrea</strong></span> <span class='ocrx_word' id='word_1_173' title='bbox 1098 3986 1201 4045; x_wconf 81' lang='lat' dir='ltr'><strong>rotu-</strong></span> 
     </span>
    </p>
   </div>
   <div class='ocr_carea' id='block_1_4' title="bbox 0 0 1372 4694">
    <p class='ocr_par' dir='ltr' id='par_1_8' title="bbox 0 0 1372 4694">
     <span class='ocr_line' id='line_1_32' title="bbox 0 0 1372 4694; baseline 0 0"><span class='ocrx_word' id='word_1_174' title='bbox 0 0 1372 4694; x_wconf 95' lang='lat' dir='ltr'><strong> </strong></span> 
     </span>
    </p>
   </div>
  </div>
 </body>
</html>
