2716 4694
170 441 252 519 quoe
270 416 394 520 opinio
410 414 496 492 lieet
508 414 855 491 nonoontemneudn
871 433 1085 520 argumenta
1097 440 1190 520 prae·

173 536 317 634 seserat,
331 556 450 612 tamen
468 554 505 612 et
519 537 872 641 carpophylliarum,
888 556 925 614 et
939 545 1097 614 oculinoe
1124 539 1192 615 dis·

171 663 309 736 crimen
336 688 454 764 neque
482 660 624 735 difficile
652 679 707 735 est
734 659 918 762 detegere.

211 781 342 856 Sedulo
361 783 613 883 investigantes
627 781 714 857 duas
729 780 901 858 habemns
917 781 1104 859 stellarum
1117 808 1194 887 spe·
1235 878 1240 887 .

170 908 244 980 cies
271 907 308 978 in
322 908 489 993 oculina,
511 900 637 978 harum
663 903 742 977 aliae
761 905 988 994 terminales,
1015 905 1097 980 aiiae
1120 931 1193 979 non

169 1025 373 1102 terminaies
394 1052 404 1118 ς
428 1042 464 1100 at
493 1027 531 1098 in
556 1024 818 1128 caryophylliis
847 1053 921 1100 non
969 1025 1101 1102 adsunt
1125 1029 1193 1102 nisi

169 1147 400 1240 terminales;
428 1164 607 1250 praeterea
631 1153 778 1221 oculiua
803 1151 947 1222 minime
965 1167 1022 1224 est
1037 1149 1191 1252 longitu-

169 1269 334 1344 dinaliter
358 1286 456 1343 extus
483 1266 636 1364 sulcata,
662 1294 781 1370 neque
804 1272 901 1344 omni
936 1290 1110 1374 exparte
1136 1294 1190 1346 ve·

168 1418 251 1466 rum
273 1408 328 1466 est
341 1390 560 1482 turbinatam
582 1415 679 1464 esse:
694 1390 969 1493 catyophyllias
992 1411 1133 1488 autem,
1159 1410 1193 1469 et

170 1513 323 1589 sulcatos
351 1530 387 1588 et
414 1511 610 1587 turbinatas
638 1538 718 1587 esse
750 1538 792 1586 ex
817 1511 1030 1588 definitione
1057 1516 1191 1618 colligi·

168 1662 259 1711 mus.
286 1638 440 1710 Domum
466 1634 563 1737 quod
604 1633 695 1709 hanc
722 1637 933 1738 opinionem
958 1635 1119 1734 refellit,
1145 1640 1191 1712 si-

168 1774 244 1834 tum
270 1761 305 1830 in
334 1761 477 1852 intima,
509 1759 546 1831 in
572 1783 656 1830 vera
681 1757 865 1832 steiiarum
893 1775 1035 1834 natura.
1065 1757 1191 1835 Adhuc

168 1883 340 1971 conspice
367 1895 502 1954 sectam
527 1877 656 1952 faeiem
679 1879 888 1953 interiorem
911 1880 1190 1983 corpophyllt'te,

169 2018 207 2076 et
233 1999 379 2075 habebis
406 1999 528 2101 piures
555 2003 718 2074 internos
745 1999 864 2076 sulcos
898 2005 1008 2076 costis
1035 2029 1189 2108 respon·

169 2123 295 2199 dentes
323 2126 529 2217 attenuatis,
556 2150 638 2224 quoe
665 2140 823 2199 acentro
851 2123 898 2197 ad
923 2123 1108 2199 stellarum
1133 2152 1189 2202 sn·

168 2243 356 2350 perficiem
391 2243 595 2339 vehuntur,
621 2242 720 2327 idem
761 2269 807 2318 ne
827 2273 829 2277 ⁴
847 2244 968 2320 dicere
1008 2263 1115 2349 pot-es
1143 2246 1188 2323 de

56 2418 59 2427 ,
169 2371 346 2444 ootdino?
372 2370 519 2441 minime
558 2393 666 2460 sane3
693 2370 765 2440 imo
793 2370 1009 2441 contrariam
1036 2396 1186 2471 prorsus

166 2517 244 2567 rem
271 2489 444 2583 habebis3
479 2493 680 2585 nimirum,
707 2507 816 2564 costae
843 2490 910 2565 iiiae
937 2491 1122 2565 stellarum
1148 2518 1189 2567 ex

167 2633 292 2688 centro
321 2614 470 2716 prodire
508 2613 677 2687 ridentur
709 2614 1021 2709 circumcirciter,
1047 2641 1123 2688 non
1148 2639 1188 2690 ex

166 2736 330 2810 inferiori
364 2753 467 2838 parte
493 2737 667 2836 originem
693 2734 890 2832 ducentes,
923 2739 975 2809 nti
1008 2740 1187 2814 cernimus

169 2860 207 2933 in
232 2859 506 2960 caryopltylliir.

217 2981 450 3082 Quapropter
486 3003 529 3052 ex
565 2976 787 3053 lamellarum
824 2978 1081 3082 dispositione,
1112 2998 1188 3057 turn

166 3104 332 3197 interna,
359 3119 433 3174 turn
466 3118 636 3194 externa,
664 3127 706 3176 ex
743 3101 926 3176 stellarum
952 3103 1079 3177 ordine
1107 3131 1189 3179 con·

169 3221 315 3298 cludere
343 3220 513 3296 debemus
554 3223 675 3320 Goloss
706 3225 937 3324 opinionem,
964 3228 1028 3326 qui
1052 3251 1186 3326 caryo-

160 3347 322 3450 phyllias
343 3345 478 3446 rejicit,
506 3346 620 3420 minus
648 3344 769 3420 solidis
798 3348 901 3422 inniti
927 3352 1163 3450 argumentis.

216 3469 300 3543 Non
327 3466 508 3564 diffiteor,
536 3470 589 3541 uti
624 3467 693 3570 jam
729 3471 867 3562 notavi,
895 3469 1040 3570 aliqua,
1065 3469 1122 3544 vel
1148 3495 1189 3547 ex

167 3587 404 3682 adhaerentia,
431 3589 486 3663 vel
513 3616 554 3663 ex
570 3618 751 3665 ramorum
775 3590 1031 3694 dispositione,
1048 3608 1085 3666 et
1102 3591 1187 3666 stei-

165 3712 280 3786 larum
306 3711 557 3806 similitudine,
585 3731 709 3815 parata
736 3740 816 3788 esse
844 3714 889 3787 ad
911 3732 1063 3814 utraque
1090 3713 1189 3817 poly-

163 3836 265 3938 paria
294 3833 571 3936 conjungenda,
594 3835 659 3910 sed
696 3837 801 3910 nimis
836 3854 982 3938 vagaret
1007 3836 1099 3931 ilie,
1126 3838 1187 3938 qui

167 3957 266 4032 hisce
293 3958 539 4035 tantummodo
567 3958 728 4035 suffultus
756 3957 938 4062 praesidiis
955 3965 1127 4034 oeulinas
1148 3961 1187 4033 iu
