2716 4694
517 412 812 479 surruptum
845 413 1040 477 statuta

727 589 831 639 rioms

283 736 381 820 Stirpe
403 752 550 814 ramosa,
570 732 762 814 dichotoma,
780 734 980 818 particulata,
1002 734 1080 794 intus
1096 731 1279 818 perforata.

317 904 467 975 Frustra
493 902 707 1002 perquirere
731 899 918 975 contendis
941 900 1081 1002 species
1105 899 1150 971 ab
1174 917 1293 976 aucto·

268 1024 366 1098 ribus
389 1024 591 1118 recensitis,
612 1039 670 1115 ut,
693 1021 830 1123 quade
854 1025 1009 1123 agimus,
1031 1023 1189 1100 invenias
1213 1049 1293 1124 spe·

270 1149 376 1239 ciem,
403 1132 487 1217 nam
512 1146 549 1216 in
576 1142 740 1218 omnibus
769 1143 959 1247 speciebus
982 1146 1019 1216 in
1042 1161 1136 1218 statu
1156 1146 1294 1220 viventi

271 1266 462 1367 descriptis
491 1264 715 1358 cellularum,
740 1264 995 1359 vesicularum,
1022 1282 1058 1340 et
1083 1268 1293 1367 pinnarum,

270 1414 427 1461 necnon
446 1387 686 1480 articulorum,
704 1385 927 1487 aliorumque
950 1386 1115 1460 similium
1137 1385 1293 1490 disposi-

271 1511 406 1582 tionem
431 1508 538 1580 iidem
566 1536 640 1609 prae
663 1508 775 1582 oculis
794 1505 1013 1600 habuerunt3
1035 1510 1071 1580 in
1094 1507 1160 1582 hac
1184 1537 1295 1612 quum

271 1633 376 1704 unice
399 1634 580 1733 possimus
597 1633 776 1732 inspicere
794 1633 948 1704 minutos
967 1630 1122 1706 ramulos
1146 1633 1296 1707 circum-

271 1756 414 1827 circiter
435 1753 589 1827 velutino
612 1756 803 1856 spinosos,
824 1752 975 1849 frustra,
998 1771 1176 1856 repetam,
1198 1758 1295 1832 inter

272 1875 487 1977 descriptas,
514 1902 592 1948 eam
619 1902 701 1976 quae
729 1874 911 1948 eidemin
938 1892 1032 1949 statu
1057 1878 1190 1952 viventi
1213 1906 1295 1955 con·

273 1999 402 2092 veniat,
429 2024 581 2098 quaeres.

321 2120 376 2192 De
401 2125 605 2194 cartulariis
636 2118 818 2193 disserens
850 2121 1169 2197 Miluo-Edwards
1196 2139 1296 2198 notat

272 2245 432 2344 priorem
444 2245 640 2315 sectionem
651 2246 931 2317 cartulariarum'
942 2247 1296 2345 posseLaomedoeas

273 2364 358 2438 dici:
385 2364 451 2438 sed
477 2364 568 2438 illico
591 2362 774 2465 subjungit
801 2391 818 2432 a
837 2366 964 2437 mirum
983 2365 1082 2465 quod
1105 2369 1144 2438 in
1167 2367 1296 2441 eodem

272 2486 456 2588 polypario
482 2488 669 2587 utriusque
697 2489 837 2588 generis
861 2485 1048 2588 dispositio
1074 2490 1255 2563 invenitur
1271 2523 1288 2564 u

272 2609 436 2710 profecto
459 2613 490 2683 si
512 2608 581 2682 lroc
600 2608 829 2711 probaretur,
848 2627 1079 2682 evanesceret
1097 2637 1205 2684 omne
1222 2611 1298 2686 fun·
1318 2704 1320 2710 Ι

272 2731 479 2803 clamentum
499 2734 730 2804 Laomedoeas
748 2730 926 2822 servandi,
944 2730 1100 2831 ideoque
1123 2735 1222 2808 unde
1239 2733 1298 2807 de·

273 2852 387 2925 ductae
414 2869 497 2925 sunt
521 2855 653 2925 reverti
685 2851 841 2943 debent,
869 2869 906 2926 et
937 2860 1146 2928 cartularia.³
1182 2883 1295 2957 genus

273 2977 423 3075 proprie
450 2973 585 3046 dictum
612 3000 755 3075 augere.

324 3096 436 3168 Multo
462 3098 594 3197 potiori
620 3100 759 3170 ratione
787 3095 1000 3171 servandum
1027 3123 1107 3172 esse
1128 3117 1296 3199 putarem

273 3242 384 3316 genus
406 3216 510 3290 Tlroa
520 3250 535 3308 ,-
558 3245 639 3289 nam
662 3217 761 3318 quod
784 3217 922 3290 cellulae
946 3221 1019 3292 sint
1040 3217 1155 3293 sermo
1177 3222 1298 3316 nullae,

272 3339 395 3441 polypi
422 3338 684 3426 ascendenteS,
722 3342 841 3412 oraria
868 3340 1113 3440 irregulariter
1150 3343 1299 3437 ovoidea

272 3464 330 3533 vix
352 3460 623 3553 attendendum,
642 3479 761 3534 tamen
784 3488 918 3563 negare
940 3461 1034 3535 nulla
1056 3465 1195 3538 ratione
1218 3493 1298 3566 pos·

271 3609 392 3657 sumus
420 3583 539 3683 quoad
566 3583 708 3658 tubulos
733 3589 793 3684 qui
816 3611 855 3658 se
879 3611 917 3658 se
939 3585 1299 3688 implicantes'atque

272 3702 450 3803 conjuncti
464 3704 555 3777 hanc
569 3732 721 3778 massam
744 3709 977 3800 constituunt,
998 3734 1078 3806 quae
1102 3709 1298 3784 sertulariis

272 3827 384 3899 affinis
403 3825 559 3922 videtur,
577 3827 671 3902 aliud
689 3829 914 3932 polyparium
942 3830 1118 3925 indicare,
1146 3833 1204 3904 cui
1226 3832 1291 3904 alia

268 3973 413 4049 quoque
436 3948 650 4052 suffragatur
675 3950 889 4054 polyporum
915 3970 1050 4028 natura.
