<?xml version="1.0" encoding="UTF-8"?>
<!DOCTYPE html PUBLIC "-//W3C//DTD XHTML 1.0 Transitional//EN"
    "http://www.w3.org/TR/xhtml1/DTD/xhtml1-transitional.dtd">
<html xmlns="http://www.w3.org/1999/xhtml" xml:lang="en" lang="en">
 <head>
  <title>
</title>
<meta http-equiv="Content-Type" content="text/html;charset=utf-8" />
  <meta name='ocr-system' content='tesseract 3.04.00' />
  <meta name='ocr-capabilities' content='ocr_page ocr_carea ocr_par ocr_line ocrx_word'/>
</head>
<body>
  <div class='ocr_page' id='page_1' title='image "./specimenzoophyt00michgoog_0022.png"; bbox 0 0 2716 4694; ppageno 0'>
   <div class='ocr_carea' id='block_1_1' title="bbox 88 339 1117 536">
    <p class='ocr_par' dir='ltr' id='par_1_1' title="bbox 88 339 1117 536">
     <span class='ocr_line' id='line_1_1' title="bbox 88 339 1117 536; baseline 0.003 -32"><span class='ocrx_word' id='word_1_1' title='bbox 88 445 228 508; x_wconf 76' lang='lat' dir='ltr'><strong>nautrae</strong></span> <span class='ocrx_word' id='word_1_2' title='bbox 254 450 351 526; x_wconf 82' lang='lat' dir='ltr'><strong>esse,</strong></span> <span class='ocrx_word' id='word_1_3' title='bbox 377 444 485 533; x_wconf 85' lang='lat' dir='ltr'><strong>atque</strong></span> <span class='ocrx_word' id='word_1_4' title='bbox 510 428 579 506; x_wconf 90' lang='lat' dir='ltr'><strong>hoc</strong></span> <span class='ocrx_word' id='word_1_5' title='bbox 602 445 739 505; x_wconf 87' lang='lat' dir='ltr'><strong>tantum</strong></span> <span class='ocrx_word' id='word_1_6' title='bbox 762 429 807 505; x_wconf 90' lang='lat' dir='ltr'><strong>de</strong></span> <span class='ocrx_word' id='word_1_7' title='bbox 829 431 969 536; x_wconf 84' lang='lat' dir='ltr'>polypis</span> <span class='ocrx_word' id='word_1_8' title='bbox 991 339 1117 509; x_wconf 53' lang='lat' dir='ltr'><strong>lamed</strong></span> 
     </span>
    </p>
   </div>
   <div class='ocr_carea' id='block_1_2' title="bbox 10 550 1188 4063">
    <p class='ocr_par' dir='ltr' id='par_1_2' title="bbox 10 550 1188 1991">
     <span class='ocr_line' id='line_1_2' title="bbox 86 550 1144 656; baseline 0.004 -31"><span class='ocrx_word' id='word_1_9' title='bbox 86 551 201 627; x_wconf 80' lang='lat' dir='ltr'><strong>liferis</strong></span> <span class='ocrx_word' id='word_1_10' title='bbox 232 550 429 656; x_wconf 89' lang='lat' dir='ltr'><strong>probatum</strong></span> <span class='ocrx_word' id='word_1_11' title='bbox 462 567 530 627; x_wconf 88' lang='lat' dir='ltr'><strong>est.</strong></span> <span class='ocrx_word' id='word_1_12' title='bbox 567 552 722 653; x_wconf 82' lang='lat' dir='ltr'>Insuper</span> <span class='ocrx_word' id='word_1_13' title='bbox 758 579 832 626; x_wconf 91' lang='lat' dir='ltr'><strong>non</strong></span> <span class='ocrx_word' id='word_1_14' title='bbox 870 552 1144 630; x_wconf 51' lang='lat' dir='ltr'><strong>animadvertit¹</strong></span> 
     </span>
     <span class='ocr_line' id='line_1_3' title="bbox 86 672 1117 779; baseline 0.003 -32"><span class='ocrx_word' id='word_1_15' title='bbox 86 673 201 779; x_wconf 74' lang='lat' dir='ltr'><strong>multo</strong></span> <span class='ocrx_word' id='word_1_16' title='bbox 225 675 337 776; x_wconf 88' lang='lat' dir='ltr'><strong>magis</strong></span> <span class='ocrx_word' id='word_1_17' title='bbox 364 672 537 776; x_wconf 85' lang='lat' dir='ltr'><strong>implexos</strong></span> <span class='ocrx_word' id='word_1_18' title='bbox 563 673 716 776; x_wconf 85' lang='lat' dir='ltr'>polypos</span> <span class='ocrx_word' id='word_1_19' title='bbox 743 700 824 748; x_wconf 89' lang='lat' dir='ltr'><strong>esse</strong></span> <span class='ocrx_word' id='word_1_20' title='bbox 847 675 876 747; x_wconf 94' lang='lat' dir='ltr'><strong>si</strong></span> <span class='ocrx_word' id='word_1_21' title='bbox 899 700 972 770; x_wconf 90' lang='lat' dir='ltr'><strong>non</strong></span> <span class='ocrx_word' id='word_1_22' title='bbox 994 673 1117 750; x_wconf 87' lang='lat' dir='ltr'><strong>adbae-</strong></span> 
     </span>
     <span class='ocr_line' id='line_1_4' title="bbox 86 795 1119 899; baseline 0.001 -28"><span class='ocrx_word' id='word_1_23' title='bbox 86 812 194 871; x_wconf 81' lang='lat' dir='ltr'><strong>reant</strong></span> <span class='ocrx_word' id='word_1_24' title='bbox 208 796 425 899; x_wconf 85' lang='lat' dir='ltr'><strong>polypariis,</strong></span> <span class='ocrx_word' id='word_1_25' title='bbox 448 823 557 897; x_wconf 88' lang='lat' dir='ltr'><strong>quam</strong></span> <span class='ocrx_word' id='word_1_26' title='bbox 582 798 614 870; x_wconf 90' lang='lat' dir='ltr'><strong>si</strong></span> <span class='ocrx_word' id='word_1_27' title='bbox 636 795 765 870; x_wconf 86' lang='lat' dir='ltr'><strong>iisdem</strong></span> <span class='ocrx_word' id='word_1_28' title='bbox 786 795 1012 890; x_wconf 85' lang='lat' dir='ltr'><strong>adbaereant;</strong></span> <span class='ocrx_word' id='word_1_29' title='bbox 1034 823 1119 872; x_wconf 88' lang='lat' dir='ltr'><strong>nam</strong></span> 
     </span>
     <span class='ocr_line' id='line_1_5' title="bbox 88 917 1118 993; baseline 0.001 -1"><span class='ocrx_word' id='word_1_30' title='bbox 88 920 143 993; x_wconf 84' lang='lat' dir='ltr'><strong>sic</strong></span> <span class='ocrx_word' id='word_1_31' title='bbox 166 917 408 992; x_wconf 91' lang='lat' dir='ltr'><strong>musculorum</strong></span> <span class='ocrx_word' id='word_1_32' title='bbox 430 917 557 992; x_wconf 88' lang='lat' dir='ltr'><strong>saltem</strong></span> <span class='ocrx_word' id='word_1_33' title='bbox 578 919 710 992; x_wconf 90' lang='lat' dir='ltr'><strong>seriem</strong></span> <span class='ocrx_word' id='word_1_34' title='bbox 732 920 865 991; x_wconf 84' lang='lat' dir='ltr'><strong>evitare</strong></span> <span class='ocrx_word' id='word_1_35' title='bbox 887 918 958 990; x_wconf 93' lang='lat' dir='ltr'><strong>ulla</strong></span> <span class='ocrx_word' id='word_1_36' title='bbox 978 921 1118 993; x_wconf 88' lang='lat' dir='ltr'><strong>ratione</strong></span> 
     </span>
     <span class='ocr_line' id='line_1_6' title="bbox 85 1037 1119 1142; baseline 0 -28"><span class='ocrx_word' id='word_1_37' title='bbox 85 1067 164 1114; x_wconf 91' lang='lat' dir='ltr'><strong>non</strong></span> <span class='ocrx_word' id='word_1_38' title='bbox 175 1066 384 1142; x_wconf 90' lang='lat' dir='ltr'><strong>possumus,</strong></span> <span class='ocrx_word' id='word_1_39' title='bbox 400 1065 442 1115; x_wconf 82' lang='lat' dir='ltr'><strong>ex</strong></span> <span class='ocrx_word' id='word_1_40' title='bbox 458 1066 530 1140; x_wconf 88' lang='lat' dir='ltr'><strong>quo</strong></span> <span class='ocrx_word' id='word_1_41' title='bbox 545 1037 783 1142; x_wconf 79' lang='lat' dir='ltr'>physiologiae</span> <span class='ocrx_word' id='word_1_42' title='bbox 802 1039 948 1140; x_wconf 85' lang='lat' dir='ltr'>aliquod</span> <span class='ocrx_word' id='word_1_43' title='bbox 962 1058 1119 1142; x_wconf 78' lang='lat' dir='ltr'><strong>systema</strong></span> 
     </span>
     <span class='ocr_line' id='line_1_7' title="bbox 90 1159 1119 1264; baseline 0.002 -30"><span class='ocrx_word' id='word_1_44' title='bbox 90 1160 361 1235; x_wconf 81' lang='lat' dir='ltr'><strong>demonstretur</strong></span> <span class='ocrx_word' id='word_1_45' title='bbox 378 1159 744 1264; x_wconf 77' lang='lat' dir='ltr'><strong>oportet3implexam</strong></span> <span class='ocrx_word' id='word_1_46' title='bbox 757 1164 871 1262; x_wconf 90' lang='lat' dir='ltr'><strong>magis</strong></span> <span class='ocrx_word' id='word_1_47' title='bbox 895 1179 1012 1235; x_wconf 89' lang='lat' dir='ltr'><strong>autem</strong></span> <span class='ocrx_word' id='word_1_48' title='bbox 1037 1186 1119 1236; x_wconf 91' lang='lat' dir='ltr'><strong>esse</strong></span> 
     </span>
     <span class='ocr_line' id='line_1_8' title="bbox 88 1282 1116 1384; baseline 0.003 -29"><span class='ocrx_word' id='word_1_49' title='bbox 88 1300 256 1355; x_wconf 90' lang='lat' dir='ltr'><strong>naturam</strong></span> <span class='ocrx_word' id='word_1_50' title='bbox 276 1286 560 1359; x_wconf 81' lang='lat' dir='ltr'><strong>molluschorum</strong></span> <span class='ocrx_word' id='word_1_51' title='bbox 575 1298 821 1357; x_wconf 80' lang='lat' dir='ltr'><strong>testaceorum</strong></span> <span class='ocrx_word' id='word_1_52' title='bbox 832 1300 868 1354; x_wconf 90' lang='lat' dir='ltr'><strong>et</strong></span> <span class='ocrx_word' id='word_1_53' title='bbox 879 1283 958 1384; x_wconf 90' lang='lat' dir='ltr'><strong>ipse</strong></span> <span class='ocrx_word' id='word_1_54' title='bbox 972 1282 1116 1358; x_wconf 86' lang='lat' dir='ltr'><strong>fatetur.</strong></span> 
     </span>
     <span class='ocr_line' id='line_1_9' title="bbox 87 1402 1119 1505; baseline 0 -29"><span class='ocrx_word' id='word_1_55' title='bbox 87 1402 182 1476; x_wconf 90' lang='lat' dir='ltr'><strong>Illud</strong></span> <span class='ocrx_word' id='word_1_56' title='bbox 218 1403 375 1503; x_wconf 91' lang='lat' dir='ltr'><strong>denique</strong></span> <span class='ocrx_word' id='word_1_57' title='bbox 408 1402 648 1504; x_wconf 77' lang='lat' dir='ltr'><strong>adjiciendum</strong></span> <span class='ocrx_word' id='word_1_58' title='bbox 678 1403 830 1505; x_wconf 83' lang='lat' dir='ltr'><strong>polypos</strong></span> <span class='ocrx_word' id='word_1_59' title='bbox 862 1403 985 1503; x_wconf 88' lang='lat' dir='ltr'><strong>plures</strong></span> <span class='ocrx_word' id='word_1_60' title='bbox 1013 1403 1119 1477; x_wconf 91' lang='lat' dir='ltr'><strong>simul</strong></span> 
     </span>
     <span class='ocr_line' id='line_1_10' title="bbox 87 1523 1118 1628; baseline -0.002 -28"><span class='ocrx_word' id='word_1_61' title='bbox 87 1551 235 1628; x_wconf 90' lang='lat' dir='ltr'><strong>semper</strong></span> <span class='ocrx_word' id='word_1_62' title='bbox 247 1524 415 1626; x_wconf 87' lang='lat' dir='ltr'><strong>prodire,</strong></span> <span class='ocrx_word' id='word_1_63' title='bbox 430 1524 626 1626; x_wconf 89' lang='lat' dir='ltr'><strong>itidemque</strong></span> <span class='ocrx_word' id='word_1_64' title='bbox 640 1550 679 1598; x_wconf 90' lang='lat' dir='ltr'><strong>se</strong></span> <span class='ocrx_word' id='word_1_65' title='bbox 694 1523 933 1619; x_wconf 82' lang='lat' dir='ltr'><strong>abscondere,</strong></span> <span class='ocrx_word' id='word_1_66' title='bbox 946 1528 976 1599; x_wconf 92' lang='lat' dir='ltr'><strong>si</strong></span> <span class='ocrx_word' id='word_1_67' title='bbox 993 1543 1118 1626; x_wconf 80' lang='lat' dir='ltr'><strong>agatur</strong></span> 
     </span>
     <span class='ocr_line' id='line_1_11' title="bbox 88 1645 1119 1748; baseline -0.001 -29"><span class='ocrx_word' id='word_1_68' title='bbox 88 1646 134 1720; x_wconf 91' lang='lat' dir='ltr'><strong>de</strong></span> <span class='ocrx_word' id='word_1_69' title='bbox 158 1646 354 1748; x_wconf 88' lang='lat' dir='ltr'><strong>polypariis</strong></span> <span class='ocrx_word' id='word_1_70' title='bbox 377 1647 598 1748; x_wconf 88' lang='lat' dir='ltr'><strong>compositis,</strong></span> <span class='ocrx_word' id='word_1_71' title='bbox 619 1647 671 1718; x_wconf 88' lang='lat' dir='ltr'><strong>uti</strong></span> <span class='ocrx_word' id='word_1_72' title='bbox 692 1663 836 1739; x_wconf 75' lang='lat' dir='ltr'><strong>vocant,</strong></span> <span class='ocrx_word' id='word_1_73' title='bbox 859 1645 957 1746; x_wconf 86' lang='lat' dir='ltr'><strong>quod</strong></span> <span class='ocrx_word' id='word_1_74' title='bbox 978 1664 1018 1719; x_wconf 91' lang='lat' dir='ltr'><strong>ut</strong></span> <span class='ocrx_word' id='word_1_75' title='bbox 1034 1673 1119 1720; x_wconf 91' lang='lat' dir='ltr'><strong>con-</strong></span> 
     </span>
     <span class='ocr_line' id='line_1_12' title="bbox 10 1758 1118 1871; baseline 0 -29"><span class='ocrx_word' id='word_1_76' title='bbox 10 1758 16 1764; x_wconf 57' lang='grc'><strong>’</strong></span> <span class='ocrx_word' id='word_1_77' title='bbox 87 1771 405 1871; x_wconf 84' lang='lat' dir='ltr'><strong>tingat,·oportet,</strong></span> <span class='ocrx_word' id='word_1_78' title='bbox 431 1785 471 1841; x_wconf 90' lang='lat' dir='ltr'><strong>ut</strong></span> <span class='ocrx_word' id='word_1_79' title='bbox 496 1767 678 1841; x_wconf 85' lang='lat' dir='ltr'><strong>vasculare</strong></span> <span class='ocrx_word' id='word_1_80' title='bbox 705 1768 798 1867; x_wconf 87' lang='lat' dir='ltr'><strong>adsit</strong></span> <span class='ocrx_word' id='word_1_81' title='bbox 819 1785 996 1869; x_wconf 86' lang='lat' dir='ltr'><strong>systema,</strong></span> <span class='ocrx_word' id='word_1_82' title='bbox 1019 1767 1118 1869; x_wconf 89' lang='lat' dir='ltr'><strong>quod</strong></span> 
     </span>
     <span class='ocr_line' id='line_1_13' title="bbox 89 1871 1188 1991; baseline 0 -27"><span class='ocrx_word' id='word_1_83' title='bbox 89 1895 127 1964; x_wconf 91' lang='lat' dir='ltr'><strong>in</strong></span> <span class='ocrx_word' id='word_1_84' title='bbox 155 1890 234 1964; x_wconf 89' lang='lat' dir='ltr'><strong>rudi</strong></span> <span class='ocrx_word' id='word_1_85' title='bbox 262 1892 411 1964; x_wconf 81' lang='lat' dir='ltr'><strong>materia</strong></span> <span class='ocrx_word' id='word_1_86' title='bbox 436 1889 557 1964; x_wconf 92' lang='lat' dir='ltr'><strong>locum</strong></span> <span class='ocrx_word' id='word_1_87' title='bbox 583 1889 718 1964; x_wconf 89' lang='lat' dir='ltr'><strong>habere</strong></span> <span class='ocrx_word' id='word_1_88' title='bbox 746 1893 884 1991; x_wconf 81' lang='lat' dir='ltr'><strong>nequit</strong></span> <span class='ocrx_word' id='word_1_89' title='bbox 1184 1871 1188 1875; x_wconf 25' lang='lat'><strong>⁴</strong></span> 
     </span>
    </p>

    <p class='ocr_par' dir='ltr' id='par_1_3' title="bbox 85 1993 1117 3086">
     <span class='ocr_line' id='line_1_14' title="bbox 134 1993 1116 2112; baseline 0.003 -27"><span class='ocrx_word' id='word_1_90' title='bbox 134 2011 217 2085; x_wconf 89' lang='lat' dir='ltr'><strong>Non</strong></span> <span class='ocrx_word' id='word_1_91' title='bbox 230 1993 359 2085; x_wconf 85' lang='lat' dir='ltr'><strong>novam</strong></span> <span class='ocrx_word' id='word_1_92' title='bbox 377 2027 497 2085; x_wconf 86' lang='lat' dir='ltr'><strong>tamen</strong></span> <span class='ocrx_word' id='word_1_93' title='bbox 514 2009 574 2084; x_wconf 87' lang='lat' dir='ltr'><strong>bic</strong></span> <span class='ocrx_word' id='word_1_94' title='bbox 593 2014 800 2112; x_wconf 79' lang='lat' dir='ltr'><strong>opinionem</strong></span> <span class='ocrx_word' id='word_1_95' title='bbox 819 2010 1013 2087; x_wconf 89' lang='lat' dir='ltr'><strong>habemns:</strong></span> <span class='ocrx_word' id='word_1_96' title='bbox 1033 2040 1116 2088; x_wconf 88' lang='lat' dir='ltr'><strong>raro</strong></span> 
     </span>
     <span class='ocr_line' id='line_1_15' title="bbox 89 2132 1117 2238; baseline 0.004 -32"><span class='ocrx_word' id='word_1_97' title='bbox 89 2135 187 2206; x_wconf 90' lang='lat' dir='ltr'><strong>enim</strong></span> <span class='ocrx_word' id='word_1_98' title='bbox 221 2135 419 2234; x_wconf 87' lang='lat' dir='ltr'><strong>contingit,</strong></span> <span class='ocrx_word' id='word_1_99' title='bbox 453 2150 494 2205; x_wconf 91' lang='lat' dir='ltr'><strong>ut</strong></span> <span class='ocrx_word' id='word_1_100' title='bbox 526 2132 625 2232; x_wconf 87' lang='lat' dir='ltr'><strong>quod</strong></span> <span class='ocrx_word' id='word_1_101' title='bbox 656 2132 846 2234; x_wconf 82' lang='lat' dir='ltr'><strong>probabile</strong></span> <span class='ocrx_word' id='word_1_102' title='bbox 874 2138 921 2207; x_wconf 91' lang='lat' dir='ltr'><strong>sit</strong></span> <span class='ocrx_word' id='word_1_103' title='bbox 941 2135 997 2210; x_wconf 86' lang='lat' dir='ltr'><strong>vel</strong></span> <span class='ocrx_word' id='word_1_104' title='bbox 1020 2135 1117 2238; x_wconf 88' lang='lat' dir='ltr'><strong>apud</strong></span> 
     </span>
     <span class='ocr_line' id='line_1_16' title="bbox 88 2253 1117 2360; baseline 0.003 -31"><span class='ocrx_word' id='word_1_105' title='bbox 88 2272 230 2329; x_wconf 86' lang='lat' dir='ltr'><strong>veteres</strong></span> <span class='ocrx_word' id='word_1_106' title='bbox 248 2257 303 2328; x_wconf 94' lang='lat' dir='ltr'><strong>sin</strong></span> <span class='ocrx_word' id='word_1_107' title='bbox 330 2253 589 2356; x_wconf 81' lang='lat' dir='ltr'><strong>explicatione,</strong></span> <span class='ocrx_word' id='word_1_108' title='bbox 611 2255 737 2329; x_wconf 88' lang='lat' dir='ltr'><strong>saltem</strong></span> <span class='ocrx_word' id='word_1_109' title='bbox 760 2254 976 2330; x_wconf 88' lang='lat' dir='ltr'><strong>indicatione</strong></span> <span class='ocrx_word' id='word_1_110' title='bbox 998 2257 1117 2360; x_wconf 89' lang='lat' dir='ltr'><strong>aliqua</strong></span> 
     </span>
     <span class='ocr_line' id='line_1_17' title="bbox 87 2377 1117 2478; baseline 0.006 -29"><span class='ocrx_word' id='word_1_111' title='bbox 87 2377 265 2451; x_wconf 86' lang='lat' dir='ltr'><strong>refertum</strong></span> <span class='ocrx_word' id='word_1_112' title='bbox 296 2395 487 2472; x_wconf 87' lang='lat' dir='ltr'><strong>occurrat,</strong></span> <span class='ocrx_word' id='word_1_113' title='bbox 520 2378 573 2452; x_wconf 83' lang='lat' dir='ltr'><strong>sic</strong></span> <span class='ocrx_word' id='word_1_114' title='bbox 600 2377 688 2449; x_wconf 91' lang='lat' dir='ltr'><strong>licet</strong></span> <span class='ocrx_word' id='word_1_115' title='bbox 719 2379 846 2450; x_wconf 84' lang='lat' dir='ltr'><strong>Pullus</strong></span> <span class='ocrx_word' id='word_1_116' title='bbox 880 2378 1035 2478; x_wconf 92' lang='lat' dir='ltr'><strong>alioquin</strong></span> <span class='ocrx_word' id='word_1_117' title='bbox 1070 2379 1117 2454; x_wconf 89' lang='lat' dir='ltr'><strong>de</strong></span> 
     </span>
     <span class='ocr_line' id='line_1_18' title="bbox 87 2497 1115 2602; baseline 0.003 -29"><span class='ocrx_word' id='word_1_118' title='bbox 87 2500 267 2602; x_wconf 87' lang='lat' dir='ltr'><strong>polyparii</strong></span> <span class='ocrx_word' id='word_1_119' title='bbox 299 2518 426 2572; x_wconf 87' lang='lat' dir='ltr'><strong>natura</strong></span> <span class='ocrx_word' id='word_1_120' title='bbox 463 2500 619 2574; x_wconf 82' lang='lat' dir='ltr'><strong>senserit</strong></span> <span class='ocrx_word' id='word_1_121' title='bbox 646 2498 773 2572; x_wconf 91' lang='lat' dir='ltr'><strong>eodem</strong></span> <span class='ocrx_word' id='word_1_122' title='bbox 799 2497 912 2571; x_wconf 89' lang='lat' dir='ltr'><strong>ferme</strong></span> <span class='ocrx_word' id='word_1_123' title='bbox 939 2498 1046 2572; x_wconf 89' lang='lat' dir='ltr'><strong>modo</strong></span> <span class='ocrx_word' id='word_1_124' title='bbox 1073 2528 1115 2576; x_wconf 88' lang='lat' dir='ltr'><strong>ao</strong></span> 
     </span>
     <span class='ocr_line' id='line_1_19' title="bbox 86 2617 1117 2710; baseline 0 -15"><span class='ocrx_word' id='word_1_125' title='bbox 86 2623 279 2709; x_wconf 82' lang='lat' dir='ltr'><strong>Linnoeus,</strong></span> <span class='ocrx_word' id='word_1_126' title='bbox 297 2623 476 2709; x_wconf 79' lang='lat' dir='ltr'><strong>Covelini,</strong></span> <span class='ocrx_word' id='word_1_127' title='bbox 492 2620 690 2710; x_wconf 72' lang='lat' dir='ltr'><strong>Eumeneia,</strong></span> <span class='ocrx_word' id='word_1_128' title='bbox 706 2635 824 2692; x_wconf 89' lang='lat' dir='ltr'><strong>tamen</strong></span> <span class='ocrx_word' id='word_1_129' title='bbox 843 2617 929 2691; x_wconf 94' lang='lat' dir='ltr'><strong>dum</strong></span> <span class='ocrx_word' id='word_1_130' title='bbox 954 2620 1117 2695; x_wconf 83' lang='lat' dir='ltr'><strong>sleleton</strong></span> 
     </span>
     <span class='ocr_line' id='line_1_20' title="bbox 85 2739 1116 2842; baseline 0 -25"><span class='ocrx_word' id='word_1_131' title='bbox 85 2744 321 2837; x_wconf 87' lang='lat' dir='ltr'><strong>memoravit,</strong></span> <span class='ocrx_word' id='word_1_132' title='bbox 338 2759 374 2815; x_wconf 93' lang='lat' dir='ltr'><strong>et</strong></span> <span class='ocrx_word' id='word_1_133' title='bbox 391 2745 441 2816; x_wconf 90' lang='lat' dir='ltr'><strong>uti</strong></span> <span class='ocrx_word' id='word_1_134' title='bbox 464 2743 609 2815; x_wconf 86' lang='lat' dir='ltr'><strong>insectis</strong></span> <span class='ocrx_word' id='word_1_135' title='bbox 633 2740 783 2842; x_wconf 91' lang='lat' dir='ltr'><strong>polypos</strong></span> <span class='ocrx_word' id='word_1_136' title='bbox 810 2739 1003 2841; x_wconf 90' lang='lat' dir='ltr'><strong>polypariis</strong></span> <span class='ocrx_word' id='word_1_137' title='bbox 1027 2744 1116 2817; x_wconf 91' lang='lat' dir='ltr'><strong>insi-</strong></span> 
     </span>
     <span class='ocr_line' id='line_1_21' title="bbox 87 2862 1115 2966; baseline 0.003 -28"><span class='ocrx_word' id='word_1_138' title='bbox 87 2864 176 2939; x_wconf 90' lang='lat' dir='ltr'><strong>dere</strong></span> <span class='ocrx_word' id='word_1_139' title='bbox 207 2891 281 2938; x_wconf 90' lang='lat' dir='ltr'><strong>non</strong></span> <span class='ocrx_word' id='word_1_140' title='bbox 309 2862 487 2959; x_wconf 81' lang='lat' dir='ltr'><strong>obscure,</strong></span> <span class='ocrx_word' id='word_1_141' title='bbox 526 2890 598 2936; x_wconf 92' lang='lat' dir='ltr'><strong>non</strong></span> <span class='ocrx_word' id='word_1_142' title='bbox 624 2863 789 2964; x_wconf 78' lang='lat' dir='ltr'><strong>ambigue</strong></span> <span class='ocrx_word' id='word_1_143' title='bbox 811 2865 988 2953; x_wconf 75' lang='lat' dir='ltr'><strong>Cuoierii,</strong></span> <span class='ocrx_word' id='word_1_144' title='bbox 1006 2881 1115 2966; x_wconf 83' lang='lat' dir='ltr'><strong>atque</strong></span> 
     </span>
     <span class='ocr_line' id='line_1_22' title="bbox 88 2987 952 3086; baseline -0.006 -23"><span class='ocrx_word' id='word_1_145' title='bbox 88 2988 418 3063; x_wconf 69' lang='lat' dir='ltr'><strong>Mimo-Edwards</strong></span> <span class='ocrx_word' id='word_1_146' title='bbox 442 2987 633 3083; x_wconf 88' lang='lat' dir='ltr'><strong>opiniones</strong></span> <span class='ocrx_word' id='word_1_147' title='bbox 660 3002 909 3086; x_wconf 88' lang='lat' dir='ltr'><strong>praecesserat.</strong></span> <span class='ocrx_word' id='word_1_148' title='bbox 949 3011 952 3018; x_wconf 68' lang='lat'><strong><em>‘</em></strong></span> 
     </span>
    </p>

    <p class='ocr_par' dir='ltr' id='par_1_4' title="bbox 86 3105 1124 3574">
     <span class='ocr_line' id='line_1_23' title="bbox 135 3105 1115 3208; baseline -0.002 -25"><span class='ocrx_word' id='word_1_149' title='bbox 135 3111 225 3183; x_wconf 83' lang='lat' dir='ltr'><strong>Haec</strong></span> <span class='ocrx_word' id='word_1_150' title='bbox 252 3109 454 3182; x_wconf 88' lang='lat' dir='ltr'><strong>necessario</strong></span> <span class='ocrx_word' id='word_1_151' title='bbox 478 3106 732 3208; x_wconf 83' lang='lat' dir='ltr'><strong>praemittenda</strong></span> <span class='ocrx_word' id='word_1_152' title='bbox 749 3105 981 3203; x_wconf 84' lang='lat' dir='ltr'><strong>videbantur,</strong></span> <span class='ocrx_word' id='word_1_153' title='bbox 997 3124 1038 3181; x_wconf 91' lang='lat' dir='ltr'><strong>ut</strong></span> <span class='ocrx_word' id='word_1_154' title='bbox 1058 3135 1115 3181; x_wconf 90' lang='lat' dir='ltr'><strong>or·</strong></span> 
     </span>
     <span class='ocr_line' id='line_1_24' title="bbox 87 3219 1124 3330; baseline 0 -26"><span class='ocrx_word' id='word_1_155' title='bbox 87 3229 153 3325; x_wconf 92' lang='lat' dir='ltr'><strong>do,</strong></span> <span class='ocrx_word' id='word_1_156' title='bbox 170 3231 227 3303; x_wconf 93' lang='lat' dir='ltr'><strong>cui</strong></span> <span class='ocrx_word' id='word_1_157' title='bbox 245 3231 402 3324; x_wconf 85' lang='lat' dir='ltr'><strong>innitor,</strong></span> <span class='ocrx_word' id='word_1_158' title='bbox 423 3229 542 3330; x_wconf 90' lang='lat' dir='ltr'><strong>palam</strong></span> <span class='ocrx_word' id='word_1_159' title='bbox 564 3222 628 3301; x_wconf 83' lang='lat' dir='ltr'><strong>fiat</strong></span> <span class='ocrx_word' id='word_1_160' title='bbox 649 3256 730 3302; x_wconf 90' lang='lat' dir='ltr'><strong>cum</strong></span> <span class='ocrx_word' id='word_1_161' title='bbox 754 3254 797 3301; x_wconf 89' lang='lat' dir='ltr'><strong>eo</strong></span> <span class='ocrx_word' id='word_1_162' title='bbox 822 3219 1124 3330; x_wconf 76' lang='lat' dir='ltr'><strong>‚temperamento</strong></span> 
     </span>
     <span class='ocr_line' id='line_1_25' title="bbox 86 3341 1114 3453; baseline -0.003 -27"><span class='ocrx_word' id='word_1_163' title='bbox 86 3353 301 3445; x_wconf 87' lang='lat' dir='ltr'><strong>instructus,</strong></span> <span class='ocrx_word' id='word_1_164' title='bbox 324 3368 364 3423; x_wconf 90' lang='lat' dir='ltr'><strong>ut</strong></span> <span class='ocrx_word' id='word_1_165' title='bbox 380 3377 501 3424; x_wconf 85' lang='lat' dir='ltr'><strong>veram</strong></span> <span class='ocrx_word' id='word_1_166' title='bbox 517 3349 693 3453; x_wconf 90' lang='lat' dir='ltr'><strong>polyparii</strong></span> <span class='ocrx_word' id='word_1_167' title='bbox 712 3341 887 3450; x_wconf 78' lang='lat' dir='ltr'><strong>originem</strong></span> <span class='ocrx_word' id='word_1_168' title='bbox 902 3377 1114 3451; x_wconf 88' lang='lat' dir='ltr'><strong>sequamur,</strong></span> 
     </span>
     <span class='ocr_line' id='line_1_26' title="bbox 87 3470 1115 3574; baseline 0.001 -28"><span class='ocrx_word' id='word_1_169' title='bbox 87 3499 149 3548; x_wconf 88' lang='lat' dir='ltr'><strong>eos</strong></span> <span class='ocrx_word' id='word_1_170' title='bbox 177 3490 342 3546; x_wconf 81' lang='lat' dir='ltr'><strong>auctores</strong></span> <span class='ocrx_word' id='word_1_171' title='bbox 370 3497 545 3574; x_wconf 88' lang='lat' dir='ltr'><strong>generum</strong></span> <span class='ocrx_word' id='word_1_172' title='bbox 568 3473 666 3546; x_wconf 88' lang='lat' dir='ltr'><strong>initio</strong></span> <span class='ocrx_word' id='word_1_173' title='bbox 684 3470 893 3563; x_wconf 88' lang='lat' dir='ltr'><strong>indicando,</strong></span> <span class='ocrx_word' id='word_1_174' title='bbox 916 3474 976 3572; x_wconf 90' lang='lat' dir='ltr'><strong>qui</strong></span> <span class='ocrx_word' id='word_1_175' title='bbox 1000 3474 1115 3572; x_wconf 90' lang='lat' dir='ltr'><strong>potis·</strong></span> 
     </span>
    </p>

    <p class='ocr_par' dir='ltr' id='par_1_5' title="bbox 12 3590 1118 4063">
     <span class='ocr_line' id='line_1_27' title="bbox 87 3590 1115 3696; baseline 0 -28"><span class='ocrx_word' id='word_1_176' title='bbox 87 3619 104 3668; x_wconf 89' lang='lat' dir='ltr'><strong>s</strong></span> <span class='ocrx_word' id='word_1_177' title='bbox 155 3621 217 3667; x_wconf 93' lang='lat' dir='ltr'><strong>um</strong></span> <span class='ocrx_word' id='word_1_178' title='bbox 240 3595 278 3666; x_wconf 90' lang='lat' dir='ltr'><strong>in</strong></span> <span class='ocrx_word' id='word_1_179' title='bbox 298 3619 518 3694; x_wconf 90' lang='lat' dir='ltr'><strong>unoquoque</strong></span> <span class='ocrx_word' id='word_1_180' title='bbox 540 3593 715 3696; x_wconf 88' lang='lat' dir='ltr'><strong>speciales</strong></span> <span class='ocrx_word' id='word_1_181' title='bbox 741 3590 1009 3667; x_wconf 88' lang='lat' dir='ltr'><strong>observationes</strong></span> <span class='ocrx_word' id='word_1_182' title='bbox 1029 3620 1115 3668; x_wconf 90' lang='lat' dir='ltr'><strong>con·</strong></span> 
     </span>
     <span class='ocr_line' id='line_1_28' title="bbox 12 3614 1117 3821; baseline -0.001 -31"><span class='ocrx_word' id='word_1_183' title='bbox 12 3614 271 3821; x_wconf 50' lang='lat' dir='ltr'><strong>sffllnerunt:</strong></span> <span class='ocrx_word' id='word_1_184' title='bbox 311 3716 505 3818; x_wconf 85' lang='lat' dir='ltr'><strong>peculiaria</strong></span> <span class='ocrx_word' id='word_1_185' title='bbox 542 3714 710 3816; x_wconf 88' lang='lat' dir='ltr'><strong>quaedam</strong></span> <span class='ocrx_word' id='word_1_186' title='bbox 748 3731 942 3788; x_wconf 90' lang='lat' dir='ltr'><strong>occurrunt</strong></span> <span class='ocrx_word' id='word_1_187' title='bbox 986 3715 1117 3817; x_wconf 90' lang='lat' dir='ltr'><strong>procul</strong></span> 
     </span>
     <span class='ocr_line' id='line_1_29' title="bbox 89 3834 1117 3940; baseline -0.001 -30"><span class='ocrx_word' id='word_1_188' title='bbox 89 3835 197 3912; x_wconf 90' lang='lat' dir='ltr'><strong>dubio</strong></span> <span class='ocrx_word' id='word_1_189' title='bbox 224 3836 332 3913; x_wconf 91' lang='lat' dir='ltr'><strong>etde</strong></span> <span class='ocrx_word' id='word_1_190' title='bbox 358 3836 520 3939; x_wconf 90' lang='lat' dir='ltr'><strong>polypis,</strong></span> <span class='ocrx_word' id='word_1_191' title='bbox 547 3854 584 3910; x_wconf 93' lang='lat' dir='ltr'><strong>et</strong></span> <span class='ocrx_word' id='word_1_192' title='bbox 610 3837 801 3940; x_wconf 85' lang='lat' dir='ltr'><strong>polypariis</strong></span> <span class='ocrx_word' id='word_1_193' title='bbox 811 3864 820 3930; x_wconf 83' lang='lat'>3</span> <span class='ocrx_word' id='word_1_194' title='bbox 840 3834 903 3910; x_wconf 90' lang='lat' dir='ltr'><strong>sed</strong></span> <span class='ocrx_word' id='word_1_195' title='bbox 927 3862 1008 3936; x_wconf 87' lang='lat' dir='ltr'><strong>quae</strong></span> <span class='ocrx_word' id='word_1_196' title='bbox 1031 3864 1117 3939; x_wconf 91' lang='lat' dir='ltr'><strong>per-</strong></span> 
     </span>
     <span class='ocr_line' id='line_1_30' title="bbox 89 3938 1118 4063; baseline -0.001 -30"><span class='ocrx_word' id='word_1_197' title='bbox 89 3959 205 4036; x_wconf 85' lang='lat' dir='ltr'><strong>tinent</strong></span> <span class='ocrx_word' id='word_1_198' title='bbox 236 3938 289 4034; x_wconf 73' lang='lat' dir='ltr'><strong>ad¹</strong></span> <span class='ocrx_word' id='word_1_199' title='bbox 313 3957 528 4034; x_wconf 89' lang='lat' dir='ltr'><strong>documenta</strong></span> <span class='ocrx_word' id='word_1_200' title='bbox 561 3958 734 4063; x_wconf 86' lang='lat' dir='ltr'><strong>geologiae</strong></span> <span class='ocrx_word' id='word_1_201' title='bbox 761 3959 796 4030; x_wconf 92' lang='lat' dir='ltr'><strong>in</strong></span> <span class='ocrx_word' id='word_1_202' title='bbox 825 3957 1118 4059; x_wconf 80' lang='lat' dir='ltr'><strong>Zooplzrtologia</strong></span> 
     </span>
    </p>
   </div>
   <div class='ocr_carea' id='block_1_3' title="bbox 0 0 1362 4694">
    <p class='ocr_par' dir='ltr' id='par_1_6' title="bbox 0 0 1362 4694">
     <span class='ocr_line' id='line_1_31' title="bbox 0 0 1362 4694; baseline 0 1"><span class='ocrx_word' id='word_1_203' title='bbox 0 0 1362 4694; x_wconf 95' lang='lat' dir='ltr'><strong> </strong></span> 
     </span>
    </p>
   </div>
  </div>
 </body>
</html>
