2716 4694
170 298 222 392 24

167 416 322 522 implexa
345 416 626 519 conspiciuntur.
650 415 745 490 lilud
780 413 864 491 hinc
899 416 1048 520 profluit
1081 416 1197 494 haud·

169 567 351 643 quaquam
372 539 505 613 insulas
523 566 591 641 per
607 564 647 613 se
663 538 742 613 haee
759 539 947 642 polyparia
964 543 1195 634 constituere,

166 662 233 739 sed
255 661 436 751 cumulos,
458 664 504 734 iis
527 679 666 733 tantum
687 664 724 734 in
747 661 853 754 locis,
875 666 912 734 in
934 663 1065 763 quibus
1088 664 1189 739 undu

165 788 283 859 minus
310 782 498 887 profundae
526 781 701 856 ridentur.
730 784 964 885 Quapropter
999 812 1082 886 quae
1121 813 1190 859 not

166 907 275 982 modo
302 934 323 978 a
348 904 544 979 viarm-ibus
566 906 645 1003 (r),
668 903 860 979 sedetiam
882 935 902 978 a
924 907 1097 1007 geoiogiae
1120 908 1193 982 cui·

165 1028 303 1103 toribus
317 1027 387 1126 (2),
403 1026 448 1100 de
466 1024 568 1100 hisee
589 1026 712 1101 insulis
731 1025 948 1120 reseruntur,
958 1027 1193 1105 fundamento

167 1166 294 1225 curent
320 1149 389 1248 (3).

216 1273 414 1372 Hucusque
440 1272 659 1372 incognitum
681 1296 793 1373 genus
815 1271 853 1343 iu
875 1273 995 1346 stratis
1018 1272 1188 1375 geologiae

163 1418 239 1467 non
259 1393 369 1468 modo
391 1393 668 1494 antiquioribus,
683 1392 798 1466 sedet
816 1394 1079 1468 recentioribus
1098 1397 1188 1497 ipse·

164 1530 241 1589 met
258 1516 415 1617 primum
432 1513 506 1616 ejus
529 1517 750 1589 existentiam
765 1513 867 1593 fateri
883 1541 989 1617 posse
1005 1515 1189 1594 vehemen-

166 1652 226 1711 ter
251 1634 379 1729 laet0r3
406 1635 593 1711 diluvianae
619 1639 718 1711 enim
742 1639 856 1713 aetatis
883 1635 1050 1711 mediana
1081 1656 1190 1714 stratu

168 1756 257 1837 illud
282 1756 454 1841 exhibent
479 1758 517 1835 in
542 1756 656 1831 Italia.

433 1917 705 1991 couALLuJM
739 1916 928 1983 RUBRUM

629 2068 736 2118 BAUH·

170 2188 270 2273 Stirpe
284 2188 395 2273 equali
408 2235 415 2265 ,
426 2188 587 2270 continua,
601 2187 792 2269 dichotoma,
805 2190 886 2250 striis
895 2176 1039 2251 ubsoletis
1052 2189 1191 2276 obliquis.

168 2336 292 2398 Gesner.
313 2337 375 2418 rig.
396 2333 459 2420 lap.
480 2357 549 2423 pag.
576 2339 643 2399 132.
667 2336 850 2399 Corellium.

166 2442 200 2502 0.
221 2444 364 2503 Baulzini.
387 2445 491 2505 Pinax.
513 2424 650 2504 theatral.
672 2443 776 2513 butan.
797 2439 1097 2535 Basil.1623,pag.
1117 2441 1188 2512 366.

163 2550 310 2612 Buccone.
333 2550 405 2611 Obs.
428 2572 503 2612 mar.
530 2548 618 2632 1674.

165 2654 310 2715 Marsiiii.
333 2656 408 2715 Hist.
430 2657 529 2715 merit.
549 2675 625 2738 pag.
652 2651 709 2715 108
731 2665 840 2736 etseq.

162 2759 293 2820 Donati.
314 2758 405 2820 Prod.
428 2758 564 2838 Adriat„
582 2778 657 2842 pag.
678 2760 743 2837 43,
764 2759 827 2820 tab.
849 2757 880 2825 5.

164 2863 285 2929 Pallas.
307 2861 458 2932 Elenchus
480 2862 591 2955 zooph.
608 2882 683 2946 pag.
705 2864 777 2936 223.

161 2967 311 3029 Cavolinu
333 2968 425 3028 Mem.
442 2985 517 3050 pag.
539 2969 591 3028 32.

162 3072 362 3153 Scheweiger.
383 3069 542 3155 Haudhug.
558 3091 634 3155 pag.
655 3072 676 3158 4
699 3072 728 3151 4.

162 3177 323 3239 Lamarck.
346 3177 459 3237 Histoir
480 3173 532 3238 des
554 3177 646 3237 anim.
672 3197 683 3236 1
710 3188 739 3236 et
760 3197 778 3237 2
801 3174 895 3257 edit„
916 3189 991 3240 tom.
1012 3200 1042 3242 α.

167 3281 366 3363 Eiremberg.
388 3279 486 3364 Polip.
508 3278 547 3342 de
569 3277 599 3342 la
620 3301 695 3356 mer.
717 3301 827 3363 rouge,
844 3301 921 3365 pag.
947 3285 1015 3344 130.
1093 3340 1097 3347 .

211 3450 267 3522 De
290 3455 445 3529 corallio
466 3448 602 3543 rubro,
624 3445 723 3550 quod
748 3454 809 3532 iris
830 3449 958 3522 nobilis
979 3451 1126 3523 nomine
1147 3450 1190 3523 si·

165 3591 312 3673 grisium
331 3587 484 3673 apparet
503 3570 600 3673 apud
613 3574 763 3661 Pallas,
778 3587 819 3655 ut
833 3574 965 3672 Royen
978 3589 1191 3674 sequeretur

188 3712 232 3782 (1)
248 3712 375 3765 Kotzbue.
393 3714 491 3781 Voyug.
510 3731 562 3766 aux
579 3712 638 3766 Iud.

190 3799 233 3872 (a)
250 3802 342 3855 Boset.
362 3800 453 3852 Truiti
471 3802 546 3854 ulem.
565 3802 602 3855 du
620 3801 748 3870 geologie‚
766 3819 826 3873 pag.
848 3801 904 3871 193.

241 3891 304 3942 Amr·
319 3890 396 3942 Bove'.
416 3888 506 3943 Guide
523 3892 559 3942 du
577 3890 675 3960 giolog.
694 3908 802 3959 voyag.,
822 3902 882 3944 tom.
901 3906 935 3963 ο,
951 3907 1013 3967 pag.
1034 3906 1091 3955 m.

187 3976 230 4055 (³)
246 3977 446 4041 Delavsrcue.
465 3978 574 4039 Muuuel
591 3980 690 4051 geolog.
707 3997 768 4051 pag.
791 3980 847 4039 185.
