2716 4694
1136 322 1183 395 23

156 431 285 508 itidem
311 456 465 511 convexa
491 433 625 536 pluries
654 452 710 509 est
735 452 774 508 ut
797 436 918 539 polypi
939 441 1089 540 recipiat
1109 469 1187 517 cor·

159 581 244 659 puS,
272 573 379 656 atque
408 580 449 629 ex
469 555 705 657 graculorum
729 557 976 653 multitudine,
1002 587 1110 661 quam
1131 589 1187 637 re·

157 679 266 780 cipit,
293 676 450 751 eundem
477 703 586 778 quem
612 680 682 752 axis
709 679 869 751 colorem
897 679 1048 755 exhibet.

207 800 336 873 Totius
372 816 492 871 autem
523 804 665 873 corallii
702 799 927 874 involucrum
964 819 1039 876 tum
1076 806 1188 879 iuter·

160 947 244 993 num
286 937 362 993 tum
403 937 587 993 externum
628 923 664 992 vi
705 923 799 1022 ignis
833 925 872 995 in
908 925 1184 1001 minutissimam

159 1041 345 1145 pulverem
364 1034 550 1115 reducitur
567 1043 700 1115 cinerei
717 1042 863 1137 coloris3
883 1045 1188 1144 quemadmodum

162 1180 303 1254 autem,
338 1166 458 1264 pergit
484 1165 647 1257 Donati,
674 1165 762 1236 cinis
791 1164 964 1239 seboletri
995 1168 1189 1268 imaginem

161 1285 318 1377 indicat,
347 1287 397 1358 ita
424 1302 461 1358 et
488 1287 575 1360 cinis
600 1291 746 1359 corallii
770 1286 912 1360 exhibet
938 1316 1093 1390 corpora
1119 1293 1186 1363 mi·

160 1410 347 1481 notissima
362 1425 398 1481 et
414 1405 663 1481 candidissima
681 1407 785 1482 simul
798 1407 986 1510 conjuncta
1000 1411 1187 1512 sphaericae

160 1529 302 1632 figurae3
321 1557 432 1632 porro
448 1533 485 1602 ia
506 1533 686 1632 primaevis
709 1531 1051 1623 constitutionibus,
1075 1552 1111 1608 et
1132 1537 1188 1607 in·

163 1656 276 1726 terior
303 1669 340 1726 et
366 1654 521 1724 exterior
542 1654 649 1726 vestis
674 1654 812 1752 optime
839 1656 1073 1743 conveniunt;
1092 1655 1191 1755 qnod

160 1777 272 1874 magis
300 1776 487 1875 magisque
515 1774 636 1848 obstat
657 1773 817 1875 ejusdem
839 1776 1025 1876 scriptoris
1050 1779 1189 1876 opinio-

159 1894 293 1990 nibus,
319 1895 415 1969 idest
439 1895 570 1996 plantae
595 1914 761 1970 naturam
794 1899 912 1970 inesse
944 1903 1126 1987 corallio,
1153 1917 1191 1974 et
1243 1881 1246 1884 .

160 2007 335 2120 polypum
361 2016 479 2091 eidem
503 2044 577 2089 non
603 2017 802 2091 adhaerere.

214 2138 370 2211 Abunde
397 2155 516 2211 autem
548 2143 679 2213 crescit
711 2141 747 2212 in
785 2139 952 2213 litoribus
980 2142 1190 2231 Sardiniae,

160 2280 270 2362 atque
284 2290 304 2333 a
320 2262 628 2354 Genaensiba5,et
640 2264 892 2363 Neapolitanis
908 2263 1028 2336 multis
1045 2263 1088 2334 ab
1107 2262 1190 2337 hinc

160 2388 264 2456 annis
292 2383 387 2484 apud
412 2385 527 2457 Indos
554 2387 764 2457 commercii
797 2411 903 2457 causa
936 2383 1095 2455 defertur
1115 2385 1190 2482 (1);

161 2531 228 2578 nec
243 2508 281 2577 in
291 2508 463 2579 Sardinia
481 2523 631 2599 tantum,
649 2531 772 2578 verum
787 2509 896 2578 etiam
910 2531 1023 2606 penes
1033 2507 1191 2578 Galliam

160 2627 455 2716 Narbonensem,
469 2654 580 2729 penes
603 2629 776 2714 Siciliam,
794 2644 903 2726 atque
926 2627 962 2697 in
981 2627 1189 2714 Adriatico,

158 2747 320 2848 alibique
336 2751 533 2843 invenitur3
549 2767 668 2822 tamen
691 2751 822 2850 prioris
850 2750 1008 2848 regionis
1030 2754 1191 2820 corallia

160 2868 270 2971 longe
295 2869 481 2965 uberiora,
509 2889 616 2972 atque
641 2871 786 2974 majoris
814 2873 921 2973 pretii
950 2887 1053 2966 sunt,
1083 2896 1192 2972 quam

160 2996 408 3094 posteriorum
436 2993 609 3067 locorum.
678 3062 681 3066 .

211 3117 396 3188 Caeterum
428 3141 470 3188 ea
498 3142 578 3216 quae
607 3132 771 3189 asserunt
807 3114 851 3188 de
876 3119 1021 3187 corallii
1046 3113 1190 3206 insulis,

161 3261 237 3308 non
262 3235 307 3308 de
330 3235 397 3308 hoc
421 3263 554 3337 genere
577 3238 765 3338 speciatim
783 3235 939 3308 tenenda
958 3253 1039 3308 sunt
1050 3293 1061 3328 ,
1081 3261 1192 3334 quum

159 3356 290 3430 nuliius
312 3360 486 3430 momenti
510 3375 648 3458 partem
665 3358 859 3429 insularum
878 3355 1084 3427 earumdem
1103 3381 1190 3427 con-

159 3481 333 3569 stituant,
363 3478 428 3552 sed
455 3478 500 3551 de
525 3480 771 3567 meandrinis,
793 3484 949 3570 astreis,
971 3482 1190 3563 carminalia,

159 3600 313 3701 aliisque
347 3600 539 3702 generibus
573 3626 655 3702 quae
691 3627 773 3673 cum
808 3604 955 3672 corallii
980 3597 1190 3698 fragmentis

195 3823 238 3894 (ι)
247 3823 351 3875 Davide
361 3824 510 3876 Bertolotti.
521 3823 631 3892 Viaggio
640 3824 709 3875 nella
718 3823 828 3892 Liguria
837 3822 991 3875 marittima.
1004 3823 1104 3874 Torino
1118 3818 1191 3887 18³4.

238 3915 268 3964 1².
289 3912 410 3965 Colletta.
423 3912 512 3967 storia
530 3914 572 3968 dcl
582 3914 678 3967 Reame
693 3913 723 3965 di
732 3913 835 3981 Napoli.
848 3913 980 3983 Capolago
993 3910 1064 3978 1834.
1074 3910 1152 3963 Tom.
1166 3925 1190 3974 ι,

159 3999 210 4055 lib.
230 4018 264 4068 2,
283 4019 339 4072 pag.
362 4001 416 4070 184.
