<?xml version="1.0" encoding="UTF-8"?>
<!DOCTYPE html PUBLIC "-//W3C//DTD XHTML 1.0 Transitional//EN"
    "http://www.w3.org/TR/xhtml1/DTD/xhtml1-transitional.dtd">
<html xmlns="http://www.w3.org/1999/xhtml" xml:lang="en" lang="en">
 <head>
  <title>
</title>
<meta http-equiv="Content-Type" content="text/html;charset=utf-8" />
  <meta name='ocr-system' content='tesseract 3.04.00' />
  <meta name='ocr-capabilities' content='ocr_page ocr_carea ocr_par ocr_line ocrx_word'/>
</head>
<body>
  <div class='ocr_page' id='page_1' title='image "./specimenzoophyt00michgoog_0049.png"; bbox 0 0 2716 4694; ppageno 0'>
   <div class='ocr_carea' id='block_1_1' title="bbox 270 298 318 372">
    <p class='ocr_par' dir='ltr' id='par_1_1' title="bbox 270 298 318 372">
     <span class='ocr_line' id='line_1_1' title="bbox 270 298 318 372; baseline -0.021 0"><span class='ocrx_word' id='word_1_1' title='bbox 270 298 318 372; x_wconf 84' lang='lat'><strong>36</strong></span> 
     </span>
    </p>
   </div>
   <div class='ocr_carea' id='block_1_2' title="bbox 261 415 1308 4059">
    <p class='ocr_par' dir='ltr' id='par_1_2' title="bbox 267 415 1298 617">
     <span class='ocr_line' id='line_1_2' title="bbox 267 415 1298 518; baseline 0 -24"><span class='ocrx_word' id='word_1_2' title='bbox 267 427 365 508; x_wconf 78' lang='lat' dir='ltr'><strong>ranei,</strong></span> <span class='ocrx_word' id='word_1_3' title='bbox 392 445 437 491; x_wconf 85' lang='lat' dir='ltr'><strong>an</strong></span> <span class='ocrx_word' id='word_1_4' title='bbox 463 425 634 492; x_wconf 83' lang='lat' dir='ltr'><strong>aculeata</strong></span> <span class='ocrx_word' id='word_1_5' title='bbox 662 415 822 518; x_wconf 76' lang='lat' dir='ltr'><strong>ejusdem</strong></span> <span class='ocrx_word' id='word_1_6' title='bbox 849 442 974 518; x_wconf 86' lang='lat' dir='ltr'><strong>parem</strong></span> <span class='ocrx_word' id='word_1_7' title='bbox 1001 443 1076 491; x_wconf 93' lang='lat' dir='ltr'><strong>non</strong></span> <span class='ocrx_word' id='word_1_8' title='bbox 1102 421 1298 494; x_wconf 72' lang='lat' dir='ltr'>meruerint</span> 
     </span>
     <span class='ocr_line' id='line_1_3' title="bbox 275 542 505 617; baseline 0 -2"><span class='ocrx_word' id='word_1_9' title='bbox 275 542 505 617; x_wconf 53' lang='lat' dir='ltr'><strong>dem.</strong></span> 
     </span>
    </p>

    <p class='ocr_par' dir='ltr' id='par_1_3' title="bbox 266 660 1304 3050">
     <span class='ocr_line' id='line_1_4' title="bbox 319 660 1297 766; baseline 0.002 -29"><span class='ocrx_word' id='word_1_10' title='bbox 319 666 450 764; x_wconf 85' lang='lat' dir='ltr'><strong>Neque</strong></span> <span class='ocrx_word' id='word_1_11' title='bbox 472 689 558 736; x_wconf 88' lang='lat' dir='ltr'><strong>vero</strong></span> <span class='ocrx_word' id='word_1_12' title='bbox 577 660 719 761; x_wconf 76' lang='lat' dir='ltr'><strong>cujusve</strong></span> <span class='ocrx_word' id='word_1_13' title='bbox 735 663 818 734; x_wconf 89' lang='lat' dir='ltr'><strong>nori</strong></span> <span class='ocrx_word' id='word_1_14' title='bbox 840 664 984 764; x_wconf 80' lang='lat' dir='ltr'><strong>generis</strong></span> <span class='ocrx_word' id='word_1_15' title='bbox 1008 663 1114 735; x_wconf 85' lang='lat' dir='ltr'><strong>exiis</strong></span> <span class='ocrx_word' id='word_1_16' title='bbox 1138 665 1297 766; x_wconf 82' lang='lat' dir='ltr'><strong>receptis</strong></span> 
     </span>
     <span class='ocr_line' id='line_1_5' title="bbox 268 782 1297 886; baseline -0.001 -26"><span class='ocrx_word' id='word_1_17' title='bbox 268 789 509 861; x_wconf 90' lang='lat' dir='ltr'><strong>insufficentia</strong></span> <span class='ocrx_word' id='word_1_18' title='bbox 528 784 677 885; x_wconf 82' lang='lat' dir='ltr'><strong>intelligi</strong></span> <span class='ocrx_word' id='word_1_19' title='bbox 700 800 839 885; x_wconf 89' lang='lat' dir='ltr'><strong>potest,</strong></span> <span class='ocrx_word' id='word_1_20' title='bbox 856 786 924 859; x_wconf 89' lang='lat' dir='ltr'><strong>nisi</strong></span> <span class='ocrx_word' id='word_1_21' title='bbox 940 784 1079 886; x_wconf 83' lang='lat' dir='ltr'><strong>singula</strong></span> <span class='ocrx_word' id='word_1_22' title='bbox 1102 782 1297 861; x_wconf 85' lang='lat' dir='ltr'><strong>rideamus.</strong></span> 
     </span>
     <span class='ocr_line' id='line_1_6' title="bbox 270 906 1298 1010; baseline 0 -27"><span class='ocrx_word' id='word_1_23' title='bbox 270 907 377 1002; x_wconf 85' lang='lat' dir='ltr'><strong>Quod</strong></span> <span class='ocrx_word' id='word_1_24' title='bbox 411 910 540 980; x_wconf 82' lang='lat' dir='ltr'><strong>attinet</strong></span> <span class='ocrx_word' id='word_1_25' title='bbox 588 906 632 978; x_wconf 88' lang='lat' dir='ltr'><strong>ad</strong></span> <span class='ocrx_word' id='word_1_26' title='bbox 658 913 909 1008; x_wconf 76' lang='lat' dir='ltr'><strong>plexauram,</strong></span> <span class='ocrx_word' id='word_1_27' title='bbox 945 908 1166 982; x_wconf 82' lang='lat' dir='ltr'><strong>Lamoroux</strong></span> <span class='ocrx_word' id='word_1_28' title='bbox 1200 906 1298 1010; x_wconf 75' lang='lat' dir='ltr'><strong>hujus</strong></span> 
     </span>
     <span class='ocr_line' id='line_1_7' title="bbox 272 1027 1300 1132; baseline 0.001 -30"><span class='ocrx_word' id='word_1_29' title='bbox 272 1048 309 1103; x_wconf 87' lang='lat' dir='ltr'><strong>et</strong></span> <span class='ocrx_word' id='word_1_30' title='bbox 335 1030 483 1102; x_wconf 89' lang='lat' dir='ltr'><strong>aliorum</strong></span> <span class='ocrx_word' id='word_1_31' title='bbox 510 1053 685 1128; x_wconf 80' lang='lat' dir='ltr'><strong>generum</strong></span> <span class='ocrx_word' id='word_1_32' title='bbox 711 1044 836 1101; x_wconf 89' lang='lat' dir='ltr'><strong>auctor</strong></span> <span class='ocrx_word' id='word_1_33' title='bbox 860 1030 910 1101; x_wconf 87' lang='lat' dir='ltr'><strong>ita</strong></span> <span class='ocrx_word' id='word_1_34' title='bbox 936 1027 1082 1124; x_wconf 88' lang='lat' dir='ltr'><strong>definit,</strong></span> <span class='ocrx_word' id='word_1_35' title='bbox 1107 1046 1150 1102; x_wconf 91' lang='lat' dir='ltr'><strong>ut</strong></span> <span class='ocrx_word' id='word_1_36' title='bbox 1170 1031 1223 1104; x_wconf 89' lang='lat' dir='ltr'><strong>sit</strong></span> <span class='ocrx_word' id='word_1_37' title='bbox 1242 1056 1300 1132; x_wconf 91' lang='lat' dir='ltr'><strong>po-</strong></span> 
     </span>
     <span class='ocr_line' id='line_1_8' title="bbox 266 1148 1300 1252; baseline 0.001 -29"><span class='ocrx_word' id='word_1_38' title='bbox 266 1151 443 1252; x_wconf 88' lang='lat' dir='ltr'><strong>lyparium</strong></span> <span class='ocrx_word' id='word_1_39' title='bbox 456 1148 732 1243; x_wconf 84' lang='lat' dir='ltr'><strong>dendroideum‚</strong></span> <span class='ocrx_word' id='word_1_40' title='bbox 746 1175 937 1242; x_wconf 87' lang='lat' dir='ltr'><strong>ramosum,</strong></span> <span class='ocrx_word' id='word_1_41' title='bbox 948 1176 1132 1252; x_wconf 83' lang='lat' dir='ltr'><strong>asperum3</strong></span> <span class='ocrx_word' id='word_1_42' title='bbox 1142 1168 1300 1225; x_wconf 87' lang='lat' dir='ltr'><strong>crustam</strong></span> 
     </span>
     <span class='ocr_line' id='line_1_9' title="bbox 268 1270 1300 1375; baseline 0 -29"><span class='ocrx_word' id='word_1_43' title='bbox 268 1272 490 1363; x_wconf 72' lang='lat' dir='ltr'><strong>solidamur</strong></span> <span class='ocrx_word' id='word_1_44' title='bbox 503 1271 615 1345; x_wconf 88' lang='lat' dir='ltr'><strong>acidis</strong></span> <span class='ocrx_word' id='word_1_45' title='bbox 631 1270 926 1346; x_wconf 81' lang='lat' dir='ltr'><strong>effervescentem</strong></span> <span class='ocrx_word' id='word_1_46' title='bbox 939 1272 1300 1375; x_wconf 81' lang='lat' dir='ltr'><strong>gestans,pluresque</strong></span> 
     </span>
     <span class='ocr_line' id='line_1_10' title="bbox 269 1392 1298 1495; baseline 0.001 -28"><span class='ocrx_word' id='word_1_47' title='bbox 269 1394 413 1467; x_wconf 82' lang='lat' dir='ltr'><strong>cellulas</strong></span> <span class='ocrx_word' id='word_1_48' title='bbox 435 1393 559 1495; x_wconf 88' lang='lat' dir='ltr'><strong>planas</strong></span> <span class='ocrx_word' id='word_1_49' title='bbox 583 1392 712 1467; x_wconf 80' lang='lat' dir='ltr'><strong>effusas</strong></span> <span class='ocrx_word' id='word_1_50' title='bbox 724 1449 735 1484; x_wconf 91' lang='lat'><em>‚</em></span> <span class='ocrx_word' id='word_1_51' title='bbox 759 1419 928 1494; x_wconf 83' lang='lat' dir='ltr'><strong>magnas:</strong></span> <span class='ocrx_word' id='word_1_52' title='bbox 948 1411 984 1467; x_wconf 89' lang='lat' dir='ltr'><strong>at</strong></span> <span class='ocrx_word' id='word_1_53' title='bbox 1005 1392 1044 1466; x_wconf 89' lang='lat' dir='ltr'><strong>id</strong></span> <span class='ocrx_word' id='word_1_54' title='bbox 1065 1393 1217 1494; x_wconf 89' lang='lat' dir='ltr'><strong>quidem</strong></span> <span class='ocrx_word' id='word_1_55' title='bbox 1239 1422 1298 1468; x_wconf 88' lang='lat' dir='ltr'><strong>au·</strong></span> 
     </span>
     <span class='ocr_line' id='line_1_11' title="bbox 269 1515 1298 1616; baseline 0.002 -27"><span class='ocrx_word' id='word_1_56' title='bbox 269 1519 360 1589; x_wconf 88' lang='lat' dir='ltr'><strong>ctori</strong></span> <span class='ocrx_word' id='word_1_57' title='bbox 369 1515 472 1589; x_wconf 87' lang='lat' dir='ltr'><strong>facile</strong></span> <span class='ocrx_word' id='word_1_58' title='bbox 486 1515 552 1589; x_wconf 79' lang='lat' dir='ltr'><strong>luit</strong></span> <span class='ocrx_word' id='word_1_59' title='bbox 569 1515 727 1616; x_wconf 88' lang='lat' dir='ltr'><strong>probare</strong></span> <span class='ocrx_word' id='word_1_60' title='bbox 744 1517 780 1587; x_wconf 92' lang='lat' dir='ltr'><strong>in</strong></span> <span class='ocrx_word' id='word_1_61' title='bbox 798 1521 982 1614; x_wconf 80' lang='lat' dir='ltr'><strong>gorgonia</strong></span> <span class='ocrx_word' id='word_1_62' title='bbox 990 1515 1197 1616; x_wconf 78' lang='lat' dir='ltr'><strong>fiinbdi,in</strong></span> <span class='ocrx_word' id='word_1_63' title='bbox 1211 1543 1298 1616; x_wconf 82' lang='lat' dir='ltr'><strong>gor·</strong></span> 
     </span>
     <span class='ocr_line' id='line_1_12' title="bbox 266 1636 1299 1740; baseline 0.001 -28"><span class='ocrx_word' id='word_1_64' title='bbox 266 1637 798 1739; x_wconf 79' lang='lat' dir='ltr'><strong>goniussexuosa,impossibile</strong></span> <span class='ocrx_word' id='word_1_65' title='bbox 812 1655 932 1711; x_wconf 88' lang='lat' dir='ltr'><strong>tamen</strong></span> <span class='ocrx_word' id='word_1_66' title='bbox 945 1636 1071 1712; x_wconf 84' lang='lat' dir='ltr'><strong>suisset</strong></span> <span class='ocrx_word' id='word_1_67' title='bbox 1082 1637 1299 1740; x_wconf 89' lang='lat' dir='ltr'><strong>plerumque</strong></span> 
     </span>
     <span class='ocr_line' id='line_1_13' title="bbox 269 1759 1299 1860; baseline 0.002 -27"><span class='ocrx_word' id='word_1_68' title='bbox 269 1763 304 1833; x_wconf 92' lang='lat' dir='ltr'><strong>in</strong></span> <span class='ocrx_word' id='word_1_69' title='bbox 319 1767 507 1860; x_wconf 74' lang='lat' dir='ltr'><strong>gorgoniis</strong></span> <span class='ocrx_word' id='word_1_70' title='bbox 523 1763 673 1860; x_wconf 81' lang='lat' dir='ltr'><strong>proprie</strong></span> <span class='ocrx_word' id='word_1_71' title='bbox 691 1759 794 1834; x_wconf 88' lang='lat' dir='ltr'><strong>dietis</strong></span> <span class='ocrx_word' id='word_1_72' title='bbox 803 1815 814 1851; x_wconf 90' lang='lat'><strong><em>,</em></strong></span> <span class='ocrx_word' id='word_1_73' title='bbox 834 1763 943 1833; x_wconf 85' lang='lat' dir='ltr'><strong>etiam</strong></span> <span class='ocrx_word' id='word_1_74' title='bbox 955 1765 1139 1858; x_wconf 79' lang='lat' dir='ltr'><strong>gorgonia</strong></span> <span class='ocrx_word' id='word_1_75' title='bbox 1154 1788 1299 1859; x_wconf 76' lang='lat' dir='ltr'><strong>granu·</strong></span> 
     </span>
     <span class='ocr_line' id='line_1_14' title="bbox 270 1881 1303 1984; baseline 0.001 -29"><span class='ocrx_word' id='word_1_76' title='bbox 270 1881 842 1982; x_wconf 79' lang='lat' dir='ltr'><strong>loto,gorgoniujlabellum,quae</strong></span> <span class='ocrx_word' id='word_1_77' title='bbox 857 1882 1000 1955; x_wconf 86' lang='lat' dir='ltr'><strong>cellulas</strong></span> <span class='ocrx_word' id='word_1_78' title='bbox 1011 1883 1137 1984; x_wconf 88' lang='lat' dir='ltr'><strong>planas</strong></span> <span class='ocrx_word' id='word_1_79' title='bbox 1149 1884 1303 1984; x_wconf 78' lang='lat' dir='ltr'><strong>insequa-</strong></span> 
     </span>
     <span class='ocr_line' id='line_1_15' title="bbox 272 2003 1303 2104; baseline 0.004 -28"><span class='ocrx_word' id='word_1_80' title='bbox 272 2004 325 2078; x_wconf 89' lang='lat' dir='ltr'><strong>les</strong></span> <span class='ocrx_word' id='word_1_81' title='bbox 348 2004 500 2095; x_wconf 81' lang='lat' dir='ltr'><strong>habent3</strong></span> <span class='ocrx_word' id='word_1_82' title='bbox 516 2003 637 2104; x_wconf 87' lang='lat' dir='ltr'><strong>plures</strong></span> <span class='ocrx_word' id='word_1_83' title='bbox 652 2011 842 2102; x_wconf 71' lang='lat' dir='ltr'><strong>gorgonio</strong></span> <span class='ocrx_word' id='word_1_84' title='bbox 857 2003 985 2077; x_wconf 90' lang='lat' dir='ltr'><strong>itidem</strong></span> <span class='ocrx_word' id='word_1_85' title='bbox 998 2020 1156 2078; x_wconf 87' lang='lat' dir='ltr'><strong>crustam</strong></span> <span class='ocrx_word' id='word_1_86' title='bbox 1168 2003 1303 2081; x_wconf 87' lang='lat' dir='ltr'><strong>habent</strong></span> 
     </span>
     <span class='ocr_line' id='line_1_16' title="bbox 274 2122 1303 2226; baseline 0.002 -28"><span class='ocrx_word' id='word_1_87' title='bbox 274 2125 355 2226; x_wconf 90' lang='lat' dir='ltr'><strong>plus</strong></span> <span class='ocrx_word' id='word_1_88' title='bbox 378 2127 540 2197; x_wconf 87' lang='lat' dir='ltr'><strong>minusve</strong></span> <span class='ocrx_word' id='word_1_89' title='bbox 563 2122 736 2216; x_wconf 89' lang='lat' dir='ltr'><strong>solidam,</strong></span> <span class='ocrx_word' id='word_1_90' title='bbox 750 2152 832 2197; x_wconf 92' lang='lat' dir='ltr'><strong>cum</strong></span> <span class='ocrx_word' id='word_1_91' title='bbox 848 2122 916 2198; x_wconf 90' lang='lat' dir='ltr'><strong>hoc</strong></span> <span class='ocrx_word' id='word_1_92' title='bbox 933 2150 976 2198; x_wconf 85' lang='lat' dir='ltr'><strong>ex</strong></span> <span class='ocrx_word' id='word_1_93' title='bbox 988 2123 1166 2226; x_wconf 87' lang='lat' dir='ltr'><strong>adjunctis</strong></span> <span class='ocrx_word' id='word_1_94' title='bbox 1183 2124 1303 2200; x_wconf 77' lang='lat' dir='ltr'><strong>fortui-</strong></span> 
     </span>
     <span class='ocr_line' id='line_1_17' title="bbox 273 2245 1303 2350; baseline 0.003 -31"><span class='ocrx_word' id='word_1_95' title='bbox 273 2249 319 2320; x_wconf 90' lang='lat' dir='ltr'><strong>tis</strong></span> <span class='ocrx_word' id='word_1_96' title='bbox 337 2249 581 2348; x_wconf 90' lang='lat' dir='ltr'><strong>potiusquam</strong></span> <span class='ocrx_word' id='word_1_97' title='bbox 596 2272 638 2320; x_wconf 86' lang='lat' dir='ltr'><strong>ex</strong></span> <span class='ocrx_word' id='word_1_98' title='bbox 653 2245 720 2318; x_wconf 91' lang='lat' dir='ltr'><strong>alio</strong></span> <span class='ocrx_word' id='word_1_99' title='bbox 739 2247 857 2348; x_wconf 89' lang='lat' dir='ltr'><strong>capite</strong></span> <span class='ocrx_word' id='word_1_100' title='bbox 871 2246 1038 2350; x_wconf 85' lang='lat' dir='ltr'><strong>pendeat.</strong></span> <span class='ocrx_word' id='word_1_101' title='bbox 1050 2249 1105 2320; x_wconf 92' lang='lat' dir='ltr'><strong>De</strong></span> <span class='ocrx_word' id='word_1_102' title='bbox 1119 2247 1303 2322; x_wconf 83' lang='lat' dir='ltr'><strong>aridorum</strong></span> 
     </span>
     <span class='ocr_line' id='line_1_18' title="bbox 276 2367 1303 2471; baseline 0.002 -29"><span class='ocrx_word' id='word_1_103' title='bbox 276 2369 464 2442; x_wconf 86' lang='lat' dir='ltr'><strong>ellectibus</strong></span> <span class='ocrx_word' id='word_1_104' title='bbox 487 2371 524 2440; x_wconf 91' lang='lat' dir='ltr'><strong>in</strong></span> <span class='ocrx_word' id='word_1_105' title='bbox 546 2386 682 2459; x_wconf 88' lang='lat' dir='ltr'><strong>crusta,</strong></span> <span class='ocrx_word' id='word_1_106' title='bbox 704 2394 825 2468; x_wconf 89' lang='lat' dir='ltr'><strong>neque</strong></span> <span class='ocrx_word' id='word_1_107' title='bbox 841 2372 994 2464; x_wconf 85' lang='lat' dir='ltr'><strong>mirum,</strong></span> <span class='ocrx_word' id='word_1_108' title='bbox 1011 2395 1131 2471; x_wconf 87' lang='lat' dir='ltr'><strong>neque</strong></span> <span class='ocrx_word' id='word_1_109' title='bbox 1149 2367 1303 2465; x_wconf 85' lang='lat' dir='ltr'><strong>novum,</strong></span> 
     </span>
     <span class='ocr_line' id='line_1_19' title="bbox 277 2490 1303 2593; baseline 0.003 -30"><span class='ocrx_word' id='word_1_110' title='bbox 277 2491 341 2564; x_wconf 89' lang='lat' dir='ltr'><strong>sed</strong></span> <span class='ocrx_word' id='word_1_111' title='bbox 364 2492 547 2593; x_wconf 90' lang='lat' dir='ltr'><strong>plerisque</strong></span> <span class='ocrx_word' id='word_1_112' title='bbox 570 2492 699 2564; x_wconf 87' lang='lat' dir='ltr'><strong>crustis</strong></span> <span class='ocrx_word' id='word_1_113' title='bbox 717 2516 790 2562; x_wconf 92' lang='lat' dir='ltr'><strong>non</strong></span> <span class='ocrx_word' id='word_1_114' title='bbox 806 2491 918 2564; x_wconf 91' lang='lat' dir='ltr'><strong>modo</strong></span> <span class='ocrx_word' id='word_1_115' title='bbox 934 2497 1127 2592; x_wconf 77' lang='lat' dir='ltr'><strong>plexueri,</strong></span> <span class='ocrx_word' id='word_1_116' title='bbox 1141 2490 1206 2566; x_wconf 89' lang='lat' dir='ltr'><strong>sed</strong></span> <span class='ocrx_word' id='word_1_117' title='bbox 1220 2518 1303 2590; x_wconf 77' lang='lat' dir='ltr'><strong>gor·-</strong></span> 
     </span>
     <span class='ocr_line' id='line_1_20' title="bbox 272 2611 1304 2715; baseline 0.001 -28"><span class='ocrx_word' id='word_1_118' title='bbox 272 2621 410 2712; x_wconf 77' lang='lat' dir='ltr'><strong>gonite,</strong></span> <span class='ocrx_word' id='word_1_119' title='bbox 433 2617 498 2688; x_wconf 87' lang='lat' dir='ltr'><strong>sed</strong></span> <span class='ocrx_word' id='word_1_120' title='bbox 523 2619 680 2700; x_wconf 82' lang='lat' dir='ltr'><strong>corallii,</strong></span> <span class='ocrx_word' id='word_1_121' title='bbox 703 2611 767 2685; x_wconf 88' lang='lat' dir='ltr'><strong>sed</strong></span> <span class='ocrx_word' id='word_1_122' title='bbox 789 2618 936 2686; x_wconf 75' lang='lat' dir='ltr'><strong>meldam</strong></span> <span class='ocrx_word' id='word_1_123' title='bbox 957 2616 1149 2715; x_wconf 87' lang='lat' dir='ltr'><strong>proprium</strong></span> <span class='ocrx_word' id='word_1_124' title='bbox 1171 2631 1246 2707; x_wconf 85' lang='lat' dir='ltr'><strong>est,</strong></span> <span class='ocrx_word' id='word_1_125' title='bbox 1267 2630 1304 2688; x_wconf 90' lang='lat' dir='ltr'><strong>ut</strong></span> 
     </span>
     <span class='ocr_line' id='line_1_21' title="bbox 277 2734 1302 2836; baseline 0.002 -30"><span class='ocrx_word' id='word_1_126' title='bbox 277 2737 466 2808; x_wconf 89' lang='lat' dir='ltr'><strong>animantis</strong></span> <span class='ocrx_word' id='word_1_127' title='bbox 499 2734 688 2834; x_wconf 87' lang='lat' dir='ltr'><strong>quidpiam</strong></span> <span class='ocrx_word' id='word_1_128' title='bbox 713 2736 749 2804; x_wconf 92' lang='lat' dir='ltr'><strong>in</strong></span> <span class='ocrx_word' id='word_1_129' title='bbox 777 2759 815 2807; x_wconf 91' lang='lat' dir='ltr'><strong>se</strong></span> <span class='ocrx_word' id='word_1_130' title='bbox 848 2752 968 2808; x_wconf 87' lang='lat' dir='ltr'><strong>crusta</strong></span> <span class='ocrx_word' id='word_1_131' title='bbox 1005 2735 1158 2836; x_wconf 89' lang='lat' dir='ltr'><strong>recipiat</strong></span> <span class='ocrx_word' id='word_1_132' title='bbox 1198 2737 1302 2809; x_wconf 87' lang='lat' dir='ltr'><strong>etiam</strong></span> 
     </span>
     <span class='ocr_line' id='line_1_22' title="bbox 276 2854 1302 2948; baseline 0.004 -20"><span class='ocrx_word' id='word_1_133' title='bbox 276 2858 313 2928; x_wconf 93' lang='lat' dir='ltr'><strong>in</strong></span> <span class='ocrx_word' id='word_1_134' title='bbox 342 2856 472 2928; x_wconf 91' lang='lat' dir='ltr'><strong>eodem</strong></span> <span class='ocrx_word' id='word_1_135' title='bbox 499 2881 584 2948; x_wconf 85' lang='lat' dir='ltr'><strong>axe,</strong></span> <span class='ocrx_word' id='word_1_136' title='bbox 610 2858 661 2926; x_wconf 89' lang='lat' dir='ltr'><strong>uti</strong></span> <span class='ocrx_word' id='word_1_137' title='bbox 700 2854 1022 2929; x_wconf 88' lang='lat' dir='ltr'><strong>demonstravimus</strong></span> <span class='ocrx_word' id='word_1_138' title='bbox 1061 2855 1107 2929; x_wconf 89' lang='lat' dir='ltr'><strong>de</strong></span> <span class='ocrx_word' id='word_1_139' title='bbox 1145 2863 1302 2932; x_wconf 76' lang='lat' dir='ltr'><strong>corallio</strong></span> 
     </span>
     <span class='ocr_line' id='line_1_23' title="bbox 280 2977 515 3050; baseline -0.004 -1"><span class='ocrx_word' id='word_1_140' title='bbox 280 2977 515 3050; x_wconf 80' lang='lat' dir='ltr'><strong>disserentes.</strong></span> 
     </span>
    </p>

    <p class='ocr_par' dir='ltr' id='par_1_4' title="bbox 279 3098 1308 3779">
     <span class='ocr_line' id='line_1_24' title="bbox 328 3098 1306 3202; baseline 0.003 -31"><span class='ocrx_word' id='word_1_141' title='bbox 328 3098 414 3171; x_wconf 89' lang='lat' dir='ltr'><strong>Non</strong></span> <span class='ocrx_word' id='word_1_142' title='bbox 440 3115 496 3171; x_wconf 89' lang='lat' dir='ltr'><strong>est</strong></span> <span class='ocrx_word' id='word_1_143' title='bbox 522 3125 583 3171; x_wconf 89' lang='lat' dir='ltr'><strong>cur</strong></span> <span class='ocrx_word' id='word_1_144' title='bbox 611 3106 801 3193; x_wconf 74' lang='lat' dir='ltr'><strong>muricem,</strong></span> <span class='ocrx_word' id='word_1_145' title='bbox 825 3099 881 3173; x_wconf 86' lang='lat' dir='ltr'><strong>vel</strong></span> <span class='ocrx_word' id='word_1_146' title='bbox 906 3105 1065 3174; x_wconf 83' lang='lat' dir='ltr'><strong>euniceoe</strong></span> <span class='ocrx_word' id='word_1_147' title='bbox 1091 3125 1206 3202; x_wconf 86' lang='lat' dir='ltr'><strong>genus</strong></span> <span class='ocrx_word' id='word_1_148' title='bbox 1232 3127 1306 3176; x_wconf 84' lang='lat' dir='ltr'><strong>ser·</strong></span> 
     </span>
     <span class='ocr_line' id='line_1_25' title="bbox 279 3219 1305 3321; baseline 0.008 -31"><span class='ocrx_word' id='word_1_149' title='bbox 279 3246 363 3293; x_wconf 89' lang='lat' dir='ltr'><strong>vare</strong></span> <span class='ocrx_word' id='word_1_150' title='bbox 390 3219 625 3315; x_wconf 84' lang='lat' dir='ltr'><strong>contendam,</strong></span> <span class='ocrx_word' id='word_1_151' title='bbox 660 3248 744 3294; x_wconf 89' lang='lat' dir='ltr'><strong>nam</strong></span> <span class='ocrx_word' id='word_1_152' title='bbox 777 3221 898 3321; x_wconf 89' lang='lat' dir='ltr'><strong>quoad</strong></span> <span class='ocrx_word' id='word_1_153' title='bbox 925 3221 1068 3296; x_wconf 83' lang='lat' dir='ltr'><strong>cellulas</strong></span> <span class='ocrx_word' id='word_1_154' title='bbox 1092 3223 1305 3317; x_wconf 89' lang='lat' dir='ltr'><strong>corticales,</strong></span> 
     </span>
     <span class='ocr_line' id='line_1_26' title="bbox 281 3341 1308 3443; baseline 0.002 -29"><span class='ocrx_word' id='word_1_155' title='bbox 281 3367 333 3416; x_wconf 84' lang='lat' dir='ltr'><strong>eae</strong></span> <span class='ocrx_word' id='word_1_156' title='bbox 355 3341 518 3443; x_wconf 74' lang='lat' dir='ltr'><strong>praeditae</strong></span> <span class='ocrx_word' id='word_1_157' title='bbox 544 3359 628 3416; x_wconf 91' lang='lat' dir='ltr'><strong>sunt</strong></span> <span class='ocrx_word' id='word_1_158' title='bbox 662 3342 783 3416; x_wconf 90' lang='lat' dir='ltr'><strong>osculo</strong></span> <span class='ocrx_word' id='word_1_159' title='bbox 809 3369 909 3443; x_wconf 86' lang='lat' dir='ltr'><strong>aeque</strong></span> <span class='ocrx_word' id='word_1_160' title='bbox 937 3345 973 3414; x_wconf 92' lang='lat' dir='ltr'><strong>in</strong></span> <span class='ocrx_word' id='word_1_161' title='bbox 998 3348 1178 3433; x_wconf 81' lang='lat' dir='ltr'><strong>muriceo,</strong></span> <span class='ocrx_word' id='word_1_162' title='bbox 1205 3373 1248 3420; x_wconf 87' lang='lat' dir='ltr'><strong>ao</strong></span> <span class='ocrx_word' id='word_1_163' title='bbox 1273 3347 1308 3417; x_wconf 92' lang='lat' dir='ltr'><strong>in</strong></span> 
     </span>
     <span class='ocr_line' id='line_1_27' title="bbox 280 3462 1307 3568; baseline 0.004 -33"><span class='ocrx_word' id='word_1_164' title='bbox 280 3469 443 3536; x_wconf 81' lang='lat' dir='ltr'><strong>enrricen.</strong></span> <span class='ocrx_word' id='word_1_165' title='bbox 465 3467 661 3539; x_wconf 73' lang='lat' dir='ltr'><strong>Primanus</strong></span> <span class='ocrx_word' id='word_1_166' title='bbox 687 3462 814 3537; x_wconf 91' lang='lat' dir='ltr'><strong>itidem</strong></span> <span class='ocrx_word' id='word_1_167' title='bbox 839 3462 1120 3564; x_wconf 81' lang='lat' dir='ltr'><strong>haudquaquam</strong></span> <span class='ocrx_word' id='word_1_168' title='bbox 1140 3468 1307 3568; x_wconf 88' lang='lat' dir='ltr'><strong>recipere</strong></span> 
     </span>
     <span class='ocr_line' id='line_1_28' title="bbox 281 3584 1308 3689; baseline 0.003 -31"><span class='ocrx_word' id='word_1_169' title='bbox 281 3611 471 3686; x_wconf 90' lang='lat' dir='ltr'><strong>possumus</strong></span> <span class='ocrx_word' id='word_1_170' title='bbox 500 3611 581 3659; x_wconf 91' lang='lat' dir='ltr'><strong>cum</strong></span> <span class='ocrx_word' id='word_1_171' title='bbox 608 3585 728 3685; x_wconf 89' lang='lat' dir='ltr'><strong>potior</strong></span> <span class='ocrx_word' id='word_1_172' title='bbox 754 3584 914 3685; x_wconf 79' lang='lat' dir='ltr'><strong>ejusdem</strong></span> <span class='ocrx_word' id='word_1_173' title='bbox 939 3584 1060 3658; x_wconf 85' lang='lat' dir='ltr'><strong>favore</strong></span> <span class='ocrx_word' id='word_1_174' title='bbox 1087 3611 1162 3658; x_wconf 93' lang='lat' dir='ltr'><strong>non</strong></span> <span class='ocrx_word' id='word_1_175' title='bbox 1191 3590 1308 3689; x_wconf 84' lang='lat' dir='ltr'><strong>rigeat</strong></span> 
     </span>
     <span class='ocr_line' id='line_1_29' title="bbox 281 3708 384 3779; baseline 0 -1"><span class='ocrx_word' id='word_1_176' title='bbox 281 3708 384 3779; x_wconf 89' lang='lat' dir='ltr'><strong>ratio.</strong></span> 
     </span>
    </p>

    <p class='ocr_par' dir='ltr' id='par_1_5' title="bbox 261 3827 1306 4059">
     <span class='ocr_line' id='line_1_30' title="bbox 331 3827 1306 3931; baseline 0.003 -31"><span class='ocrx_word' id='word_1_177' title='bbox 331 3829 413 3901; x_wconf 89' lang='lat' dir='ltr'><strong>Non</strong></span> <span class='ocrx_word' id='word_1_178' title='bbox 441 3855 532 3929; x_wconf 84' lang='lat' dir='ltr'><strong>nego</strong></span> <span class='ocrx_word' id='word_1_179' title='bbox 559 3831 739 3903; x_wconf 87' lang='lat' dir='ltr'><strong>sectiones</strong></span> <span class='ocrx_word' id='word_1_180' title='bbox 766 3855 807 3902; x_wconf 82' lang='lat' dir='ltr'><strong>eu</strong></span> <span class='ocrx_word' id='word_1_181' title='bbox 833 3828 1039 3902; x_wconf 88' lang='lat' dir='ltr'><strong>cellularum</strong></span> <span class='ocrx_word' id='word_1_182' title='bbox 1074 3827 1306 3931; x_wconf 89' lang='lat' dir='ltr'><strong>dispositione</strong></span> 
     </span>
     <span class='ocr_line' id='line_1_31' title="bbox 261 3949 1306 4059; baseline -0.001 -30"><span class='ocrx_word' id='word_1_183' title='bbox 261 3994 265 3999; x_wconf 93' lang='lat'>·</span> <span class='ocrx_word' id='word_1_184' title='bbox 283 3949 405 4029; x_wconf 86' lang='lat' dir='ltr'><strong>ductas</strong></span> <span class='ocrx_word' id='word_1_185' title='bbox 421 3952 564 4059; x_wconf 84' lang='lat' dir='ltr'><strong>plunimi</strong></span> <span class='ocrx_word' id='word_1_186' title='bbox 583 3951 746 4027; x_wconf 86' lang='lat' dir='ltr'><strong>conferre</strong></span> <span class='ocrx_word' id='word_1_187' title='bbox 766 3951 810 4027; x_wconf 87' lang='lat' dir='ltr'><strong>ad</strong></span> <span class='ocrx_word' id='word_1_188' title='bbox 829 3954 1003 4058; x_wconf 88' lang='lat' dir='ltr'><strong>optimam</strong></span> <span class='ocrx_word' id='word_1_189' title='bbox 1025 3952 1306 4030; x_wconf 89' lang='lat' dir='ltr'><strong>subdivisionem</strong></span> 
     </span>
    </p>
   </div>
   <div class='ocr_carea' id='block_1_3' title="bbox 0 0 1374 4694">
    <p class='ocr_par' dir='ltr' id='par_1_6' title="bbox 0 0 1374 4694">
     <span class='ocr_line' id='line_1_32' title="bbox 0 0 1374 4694; baseline 0 0"><span class='ocrx_word' id='word_1_190' title='bbox 0 0 1374 4694; x_wconf 95' lang='lat' dir='ltr'><strong> </strong></span> 
     </span>
    </p>
   </div>
  </div>
 </body>
</html>
