2716 4694
514 451 846 528 SARGINULA

281 696 284 703 ,
353 660 521 712 nnutucx
534 695 546 733 ,
571 663 705 715 cuvmn
719 695 731 733 ,
758 662 1003 713 scuutheen.

186 823 429 897 Columuoria
456 821 620 925 Goldsus.
644 822 914 898 Licitostrotion
939 823 1164 898 Parliusou.

157 1031 360 1121 Polyparium
381 1028 539 1115 lapideum
566 1030 721 1110 liberum,
744 1050 879 1092 massam
893 1031 1085 1115 simplicem,
1106 1051 1180 1095 cru·

197 1150 300 1217 stam,
321 1159 339 1197 e
360 1137 439 1198 tubis
460 1138 572 1198 coactis
592 1138 809 1216 constitutam,
829 1139 942 1198 sistens.

159 1241 275 1304 Tubuli
285 1244 415 1326 plurimi
430 1241 622 1327 ,paralleli,
643 1242 799 1302 verticules
814 1242 861 1302 vel
876 1236 1072 1324 prysmatiei,
1081 1243 1185 1322 fusci·

198 1347 326 1410 culatim
341 1348 510 1431 aggregati,
531 1348 620 1433 septis
636 1345 820 1408 intermediis
827 1359 856 1409 et
876 1359 1043 1409 tremuerse
1063 1351 1185 1411 coactis.

211 1557 342 1657 Usque
379 1581 475 1629 uunc
502 1580 545 1629 ee
578 1554 765 1658 polyparia
792 1553 1000 1629 describere
1026 1561 1188 1659 aggressi

157 1702 281 1753 sumus
294 1736 306 1773 ,
327 1679 357 1752 si
381 1675 679 1779 cariophyllum
705 1678 885 1778 excipias,
913 1703 994 1778 quae
1020 1677 1188 1755 libertate

157 1799 313 1904 praeditu
335 1859 346 1896 ,
372 1825 509 1901 sueque
543 1798 672 1872 cellula
698 1815 895 1894 contenta,
932 1826 1005 1909 non
1031 1825 1188 1876 messum

163 1921 360 2019 exhibent,
386 1920 451 1996 sed
475 1921 627 2024 simplex
649 1944 780 2023 corpus
807 1919 996 2016 indicant5
1018 1949 1112 1996 nunc
1139 1922 1191 1998 de

161 2045 233 2141 iis,
268 2042 463 2145 inquibus
497 2041 555 2116 hic
599 2042 690 2116 ordo
718 2041 924 2115 cellularum
962 2048 1185 2147 conspicitur

162 2165 255 2240 adeo
282 2164 479 2266 frequens,
504 2182 546 2238 ut
571 2163 682 2238 stellae
702 2162 847 2238 adnexae
864 2162 1054 2238 videantur
1076 2194 1186 2269 pecu·

160 2287 240 2360 lieri
267 2286 523 2381 dimensione,
551 2302 588 2359 et
614 2283 727 2386 figure
755 2285 914 2379 donatae,
940 2287 1039 2360 unde
1075 2315 1185 2388 gene·

158 2437 240 2482 rum
266 2408 402 2482 divisio·
418 2408 618 2484 deducitur.

207 2533 289 2623 Qua
312 2529 459 2631 quidem
490 2531 526 2602 in
558 2555 599 2602 re
633 2530 812 2602 monitum
827 2526 962 2623 polim,
985 2553 1029 2599 ne
1052 2527 1121 2601 hoe
1143 2556 1185 2601 u-

161 2681 249 2727 num
276 2655 471 2747 sufficere,
502 2667 542 2725 ut
569 2650 722 2754 proinde
757 2649 812 2723 vel
840 2651 984 2742 omnia,
1020 2677 1103 2751 quoe
1139 2653 1184 2726 si·

158 2775 281 2848 milem
310 2773 495 2848 stellarum
521 2777 655 2847 seriem
677 2771 847 2846 exhibent
872 2775 909 2844 in
931 2798 1042 2845 unum
1067 2799 1181 2870 genus

159 2921 444 2998 componamus,
464 2894 530 2982 ¹vel
556 2898 754 2969 innumerae
777 2893 970 2968 divisiones
999 2896 1181 2990 oriantur,

160 3044 244 3119 quoe
263 3016 457 3091 involutam
483 3018 596 3118 magis
621 3015 894 3118 Zoopltytorum
915 3015 1065 3090 classem
1087 3044 1184 3091 com·

158 3141 458 3241 partitionemque
491 3137 672 3233 reddunt3
706 3141 755 3210 ita
787 3141 818 3213 si
849 3140 1009 3241 priorem
1034 3155 1179 3213 senteu-

159 3263 247 3334 tiam
280 3284 501 3359 sequemur,
539 3257 626 3332 nihil
652 3259 807 3360 reliqui,
851 3260 1004 3362 exempli
1040 3263 1180 3361 gratia,

161 3407 271 3483 quam
297 3383 392 3453 inter
409 3399 540 3454 coetero
567 3387 789 3470 alueolitem,
817 3399 853 3455 et
863 3381 1080 3483 sucositem,
1106 3382 1178 3454 imo

159 3520 195 3576 et
220 3502 427 3603 tubiporum
448 3501 683 3604 conjungere,
712 3504 913 3604 eodemque
939 3504 1084 3574 nomine
1108 3529 1180 3576 atn-

157 3624 292 3725 plecti3
320 3650 340 3698 e
366 3650 539 3699 converso
565 3629 596 3699 si
623 3626 766 3727 plures,
794 3643 830 3699 et
851 3627 972 3701 nimiae
999 3610 1179 3699 sectiones

158 3744 293 3820 amabis
306 3802 318 3839 ,
344 3746 479 3820 nullum
511 3746 681 3843 dubium,
709 3749 796 3847 quin
829 3762 990 3842 ustroeoe,
1014 3749 1180 3848 ipsaeque

157 3872 353 3941 sarcinum>
379 3885 417 3942 et
446 3875 611 3971 puoouioe
636 3885 692 3943 tot
716 3868 861 3940 nomine
882 3894 1056 3969 generum
1080 3867 1177 3940 reci·

157 4014 249 4091 pere
276 3988 478 4086 deberent,
518 4006 609 4093 quot
645 3991 784 4092 species
814 3987 941 4064 adesse
979 3989 1174 4089 scriptores
