2716 4694
416 451 788 527 SERTULARIA

253 761 462 832 navemn,
487 762 710 810 LAEFLINGws
722 794 735 832 ,
761 760 944 813 cevonrnr.

83 1043 288 1127 Polyparr'um
303 1041 506 1126 pervideam,
519 1062 676 1112 corneum
687 1044 817 1104 surculis
829 1043 1014 1124 gracilibus,
1028 1045 1118 1107 tubu-

119 1149 215 1226 losis,
235 1149 422 1232 simplicibus
441 1160 497 1208 aut
529 1151 659 1209 ramosis
688 1147 735 1209 ad
753 1149 857 1208 latera
885 1147 1034 1210 dentarim
1056 1151 1119 1218 cel-

118 1253 258 1334 lulifieris.
278 1252 345 1312 Axi
360 1253 532 1336 perforato.

82 1357 209 1418 Celluloe
223 1356 445 1440 calycisormes‚
461 1356 617 1437 distinctae,
632 1356 780 1417 dentatim
792 1359 977 1442 prominulae
990 1360 1115 1441 sessiles,

118 1465 173 1523 vel
199 1461 456 1547 subpedicillatoe‚
478 1460 613 1543 bifarie,
634 1463 688 1523 vel
707 1483 830 1546 sparsae.
853 1463 999 1525 Vesieuloe
1025 1486 1112 1546 gem·

123 1570 250 1649 misere.

83 1675 222 1758 Polypus
235 1694 352 1741 corona
362 1675 494 1759 simplici
511 1675 736 1735 temaculorum
757 1674 986 1740 subornatorum
1008 1679 1110 1737 moni-

117 1793 185 1849 tus;
207 1800 242 1841 os
258 1779 535 1864 proboscidisorme
555 1779 694 1863 simplex.

133 2029 375 2103 Sertulariam
400 2028 559 2128 primum
579 2051 696 2114 vere,
726 2041 967 2129 accurateque
994 2026 1112 2102 clarus

79 2151 289 2249 Lnstingius
307 2151 523 2249 investigare
536 2149 730 2250 coepit(1)‚
740 2146 837 2248 cujus
853 2151 908 2222 rei
924 2148 1111 2224 abundans

81 2291 137 2347 est
154 2277 255 2347 testis
272 2275 400 2346 Pallas
418 2273 497 2370 (2),
510 2296 579 2343 nec
595 2297 670 2344 non
692 2270 833 2345 italicus
851 2273 1016 2346 Carolini
1033 2272 1112 2370 (3),

82 2421 192 2495 quem
215 2394 343 2467 ducem
366 2391 539 2467 sectando
560 2395 802 2490 Peyronellus
823 2393 879 2489 (4)
896 2395 1032 2491 passim
1047 2418 1112 2493 po-

81 2535 160 2591 stea
185 2514 288 2616 hujus
314 2518 458 2616 generis
485 2540 573 2590 vere
598 2515 756 2614 cognitio
783 2529 933 2613 recepta
959 2512 1037 2587 fuit.

129 2640 173 2711 In
200 2635 410 2711 definitione
437 2653 558 2710 autem
584 2663 605 2707 a
629 2638 757 2709 Pallas
783 2631 914 2707 tradita
945 2633 1110 2707 «animal

78 2778 251 2863 vegetans
278 2759 410 2861 plantae
430 2756 553 2831 habitu
575 2789 594 2831 n
620 2783 772 2832 eernere
794 2753 911 2831 adhuc
930 2774 986 2831 est
1009 2758 1110 2830 inve·

79 2900 207 2957 teratae
234 2882 431 2983 opinionis,
449 2899 486 2955 et
510 2883 691 2976 rationum
717 2881 998 2986 comparationis
1019 2881 1108 2974 vim3

77 3003 175 3078 unde
185 3006 265 3107 ipse
278 3001 415 3103 ajebat,
433 3009 670 3076 sertulariam
687 3027 863 3074 summam
881 3028 963 3074 cum
976 3001 1106 3103 plantis

79 3128 287 3200 affinitatem
298 3123 434 3197 habere
445 3141 582 3225 praeter
594 3122 768 3216 habitum,
779 3120 1108 3217 fructificationem

79 3249 242 3349 elongari
268 3249 306 3321 in
327 3245 490 3320 tubulum
512 3245 714 3346 simplicem
734 3244 889 3317 medulla
909 3244 1108 3346 repletum,

80 3397 121 3445 ex
142 3396 261 3472 eoque
282 3369 478 3472 gemmulas
501 3366 732 3470 protrudere,
749 3394 829 3466 qnae
845 3369 882 3439 in
905 3365 1027 3438 solitos
1051 3393 1108 3439 ca·

79 3491 212 3594 lyculos
226 3550 237 3587 ,
262 3491 522 3595 polypiformes
548 3489 714 3564 flosculos
746 3490 973 3562 continentes
1007 3488 1107 3561 efflo-

104 3733 149 3804 (1)
166 3734 331 3804 Loeflingr'us.
350 3733 411 3785 Act.
429 3732 528 3785 Accnd.
548 3728 677 3784 stoeklm.
696 3729 788 3783 Germ.
809 3745 883 3798 179²·
904 3728 964 3782 Vol.
985 3727 1024 3796 ¹4·

104 3823 148 3895 (α)
165 3825 264 3876 Pallas.
282 3824 416 3875 Elenchus
433 3823 525 3890 zooph.
544 3821 633 3888 Hagae.
651 3819 741 3871 comit.
762 3819 835 3888 1766.
855 3818 954 3873 Ser-rut.

105 3911 149 3980 (3)
163 3912 244 3964 Mem.
261 3912 308 3964 cit.
327 3919 397 3963 auct.
417 3911 540 3962 Cavolini
555 3909 680 3980 Philippi.
698 3926 756 3977 pag.
778 3908 833 3976 196.

108 3998 151 4071 (4)
168 3999 209 4053 De
225 4001 339 4054 corallis.
359 4007 439 4052 trans.
458 3999 489 4054 or
503 3998 626 4052 London.
647 3999 703 4048 Vol.
721 3997 773 4068 47,
791 4012 852 4066 pag.
871 3994 930 4065 445.
