2716 4694
1121 281 1166 356 16

156 419 348 471 ramorum
382 395 658 499 dispositionem
695 400 886 475 conveniat
921 424 1004 474 cum
1032 306 1192 500 portici

160 537 285 605 umen
310 519 391 594 aliis
407 521 515 592 inniti
532 517 785 615 documentis,
811 548 853 594 ac
879 523 1043 596 innititur
1064 549 1192 625 genus,

161 641 266 744 quod
291 639 579 744 investigandum
605 644 843 744 suscepimus.

211 766 269 843 Dc
290 771 517 868 pollicipora
542 763 614 865 jam
639 768 841 840 notavimus
865 765 921 841 vel
947 765 995 842 ob
1021 767 1073 866 id,
1095 770 1195 871 qnod

163 887 366 965 innumeris
400 890 500 989 poris
526 889 574 961 sit
603 887 770 981 munita,
807 887 908 988 quod
933 889 1046 965 stelloe
1072 918 1195 993 neque

165 1008 497 1112 equales,.neque
518 1007 667 1083 seriales
689 1011 764 1083 sint
776 1067 789 1104 ,
810 1013 885 1083 imo
908 1011 1011 1110 qnod
1030 1012 1088 1087 vel
1102 1017 1193 1116 ipsae

159 1131 279 1209 stelle
305 1133 486 1206 immersae
520 1148 630 1231 atque
656 1130 850 1232 profundae
877 1132 1100 1231 rideantur,
1137 1135 1193 1210 di·

157 1269 262 1330 stare
293 1281 315 1327 n
341 1258 476 1355 perite.
511 1254 568 1326 De
599 1256 823 1354 modreporo
862 1281 1008 1356 quoqne
1042 1257 1193 1333 dubium

160 1375 403 1470 sustulimus,
429 1376 516 1449 dum
542 1375 593 1448 de¹
609 1383 834 1477 polliczpora
861 1379 1031 1478 egimus,
1056 1383 1093 1452 iu
1120 1408 1192 1482 qua

161 1521 247 1574 mox
271 1496 444 1575 notabam
480 1524 700 1572 concurrere
726 1523 838 1599 poros
865 1555 878 1593 ,
908 1516 946 1572 et
974 1502 1191 1602 irregulares

155 1619 282 1697 stellas
304 1649 316 1716 3
347 1619 436 1700 licet
461 1623 678 1720 ceteroquin
704 1637 742 1693 et
765 1618 835 1694 hoc
862 1621 1044 1722 peculiare
1070 1623 1190 1719 adsit,

163 1743 268 1846 quod
291 1745 474 1846 margines
512 1742 699 1817 stellarum
726 1742 925 1843 aliquando
956 1745 1029 1817 sint
1052 1750 1189 1846 promi·

159 1865 264 1960 nuli,
289 1867 343 1943 uti
362 1867 566 1969 exemplum
582 1864 758 1941 habemus
780 1868 818 1938 in
837 1869 1058 1968 madrepora
1075 1867 1188 1943 abro-

161 1990 365 2080 tonoides‚
390 2005 501 2091 utque
529 1989 724 2063 interstitia
750 1987 930 2063 diversam
955 1987 1191 2090 praeseserant

163 2110 338 2189 indolem.
801 2192 804 2197 ,
1167 2098 1170 2102 ⁸

211 2232 306 2311 Ciuu
329 2251 571 2337 seryotopora
609 2232 777 2336 conjungi
804 2259 915 2336 posse
947 2241 1106 2336 portiom
1140 2263 1189 2311 ne

159 2359 243 2462 quis
271 2375 375 2462 putet
396 2384 407 2453 3
444 2384 558 2453 nam,
589 2385 673 2431 cum
698 2359 738 2429 in
763 2355 834 2430 hoc
860 2358 1111 2432 tantummodo
1138 2361 1189 2432 in·

159 2479 279 2557 sideut
288 2482 514 2583 praecipuum
524 2495 775 2580 seryatoporoe
790 2476 1076 2574 fundamentum,
1090 2479 1191 2580 quod

161 2601 300 2677 cellulae
326 2604 400 2676 sint
425 2603 528 2676 seriis
554 2601 798 2692 transversis,
825 2615 885 2672 aut
920 2599 1188 2702 longitudinali-

159 2722 230 2799 bus
265 2721 472 2816 ordinatae,
505 2749 575 2797 nec
612 2722 695 2797 ideo
735 2721 976 2796 similitudinis
1011 2723 1191 2797 rationem

161 2845 292 2923 adesse
334 2845 527 2921 credimus.
566 2847 700 2919 Mirum
736 2845 859 2945 itaque
895 2843 1064 2943 videtur,
1091 2845 1192 2948 quod

161 2970 293 3044 asserit
316 2968 502 3043 Lamorcle
528 2966 695 3043 dubitare
707 3025 720 3063 ,
747 2993 792 3040 an
818 2966 938 3042 stellas
968 2993 1099 3070 reapse
1132 2994 1188 3044 en·

159 3087 285 3164 hibent
319 3106 590 3192 εειγαιορονα,
624 3079 927 3190 quemadmodum
964 3089 1191 3166 demonstro·

160 3228 246 3286 runt
281 3229 447 3286 auctores
483 3213 553 3313 ipsi
576 3269 587 3306 ,
609 3236 701 3312 quos
729 3213 850 3286 citavit
881 3214 960 3313 ipsc
985 3212 1191 3304 Lomarcle,

161 3332 361 3435 cujusmodi
386 3351 443 3408 est
464 3335 618 3434 Esper,
646 3336 710 3434 qui
738 3351 775 3407 et
799 3333 930 3408 tabulis
943 3393 955 3428 ,
982 3351 1019 3407 et
1051 3333 1191 3408 descri-

159 3455 347 3560 ptionibus
379 3454 565 3550 ostendit,
591 3482 665 3533 non
701 3458 812 3533 modo
839 3474 1023 3531 externam
1060 3480 1190 3558 supcr-

160 3576 282 3653 ficiem
306 3595 555 3682 setyatoporoe
581 3577 692 3652 stellis
721 3595 910 3672 ornatam,
937 3579 1193 3654 verumetiam

161 3699 314 3802 cujusvis
347 3700 459 3777 stellae
494 3698 648 3784 sormam
674 3700 743 3797 (1).
774 3701 855 3778 Hoc
887 3701 997 3778 etiuni
1023 3697 1193 3776 indicavit
1273 3728 1280 3743 ¹

170 3978 214 4047 (ι)
231 3977 327 4048 Esper.
348 3977 442 4051 suppl.
466 3996 488 4033 r.
506 3997 564 4050 pag.
589 3995 647 4048 ¹09·
666 3977 720 4032 tab.
742 3991 781 4044 su
