2716 4694
182 319 204 370 a

178 415 457 518 impedimenta3
484 416 679 492 voracitate
705 415 837 518 insigni
863 443 906 490 ac
938 415 1207 520 propemodum

180 539 381 614 incredibili
402 537 558 641 pollent,
575 537 808 613 sensibilitate
830 537 1005 641 praedita,
1022 543 1204 615 communi

180 662 348 736 omnibus
386 661 462 734 aliis
502 659 743 735 animantibus
781 687 977 737 nervorum
1009 681 1205 764 systemate

179 801 325 875 careut;
352 807 477 856 seusus
510 781 622 855 serme
657 807 781 856 omnes
818 785 856 855 in
892 783 1078 884 plerisque
1113 785 1206 859 desi·

179 904 354 978 derantur-
376 903 462 1002 (1),
490 902 590 986 ovula
617 929 637 977 e
669 902 949 1004 parenehymate
984 909 1208 1006 emergentia

179 1026 347 1128 praebent
359 1025 427 1126 (2)
443 1024 520 1099 Nee
538 1026 687 1098 minoris
703 1024 877 1125 ponderis
900 1044 983 1100 sunt
1005 1053 1085 1126 quoe
1108 1026 1208 1101 exhi-

179 1147 269 1221 bent
294 1146 398 1221 nobis
425 1162 632 1248 tegumenta
659 1147 755 1247 ipsa,
782 1172 847 1220 seu
874 1147 1079 1249 polyparia3
1107 1149 1208 1248 quod

181 1296 263 1342 cum
289 1269 400 1343 ellusa
425 1270 496 1343 sint
522 1267 677 1369 ubique,
705 1284 742 1341 et
768 1270 980 1362 varietates,
1003 1269 1206 1370 pulcherri-

178 1417 328 1492 masque
346 1389 494 1486 formas,
509 1419 549 1464 ae
569 1390 709 1464 colores
731 1390 900 1484 induant,
919 1417 1074 1492 cumque
1093 1392 1207 1466 solida

181 1539 308 1586 eorum
333 1530 471 1587 textura
497 1514 660 1615 apprime
687 1515 725 1585 in·
751 1511 928 1586 nonnullis
959 1539 1084 1586 eorum
1118 1542 1204 1588 con-

181 1635 372 1708 servationi
390 1633 586 1734 decorique
603 1637 791 1726 inserviat,
815 1651 981 1729 ornatus,
1003 1636 1208 1736 artiumque

181 1783 288 1830 causa
313 1784 387 1831 non
414 1755 622 1857 infrequens
650 1784 774 1831 eorum
798 1772 852 1830 est
874 1782 979 1850 usus3
1000 1759 1053 1830 uti
1074 1759 1111 1829 in
1135 1785 1206 1832 me·

180 1877 298 1952 dicina
336 1877 469 1980 pluries
507 1877 673 1953 adhiberi
709 1904 844 1981 posse,
882 1877 950 1952 hae
982 1896 1058 1954 arte
1093 1881 1206 1982 periti

181 1999 414 2076 contendunt.

229 2122 429 2224 Dupliciter
455 2123 562 2224 igitur
588 2121 899 2224 praeclarissimam
924 2124 1018 2198 hanc
1041 2123 1203 2199 historiar

177 2246 348 2319 naturalis
365 2262 506 2348 purtem
523 2244 810 2319 commendatam
824 2247 941 2338 velim,
953 2249 1103 2320 maxime
1116 2251 1203 2349 quia

178 2367 246 2442 hae
258 2383 381 2441 nostra
399 2384 501 2441 aetate
525 2366 572 2439 ad
589 2366 772 2468 Geologiae
783 2367 1050 2469 formationes,
1070 2386 1204 2444 strutu-

176 2514 250 2589 que
268 2488 542 2592 cognoscenda,
556 2487 601 2561 ab
616 2490 657 2562 iis
675 2488 911 2584 exordiendo,
930 2516 1014 2591 quae
1031 2494 1201 2593 primaeva

162 2612 374 2714 fossilisera
401 2613 584 2706 dixerunt,
600 2610 644 2684 ad
666 2638 708 2685 ea
731 2612 992 2713 perveniendo,
1010 2640 1092 2713 quae
1113 2615 1199 2688 sub-

163 2733 310 2834 fhssilia
335 2750 613 2834 nuncupantur,
637 2733 780 2833 plurimi
807 2735 947 2807 intersit
973 2735 1039 2833 (3).

227 2857 347 2949 Quum
368 2872 487 2928 tamen
510 2855 628 2954 impar
648 2856 717 2928 sim
735 2857 936 2929 universam
951 2856 1198 2958 Zoophytolo-

172 2984 273 3076 giam
299 2976 517 3077 complecti,
540 3001 694 3076 cumque
717 2975 817 3049 multi
838 2976 970 3052 reserat
992 2979 1201 3079 singillatim

177 3104 337 3202 potiores
365 3100 504 3200 speeies
531 3099 746 3199 investigare
760 3157 770 3192 ,
797 3102 944 3199 quaein
979 3129 1198 3204 unoquoque

178 3240 290 3298 strato
304 3221 491 3324 geologico
504 3220 649 3316 adsunt,
663 3219 745 3296 hinc
762 3220 951 3299 brevitatis
969 3251 1076 3300 causa
1092 3253 1201 3301 unam

203 3547 246 3619 (ι)
266 3547 395 3600 Memoire
412 3548 478 3599 d’mr
495 3565 574 3615 genre
590 3547 622 3598 de
638 3547 745 3614 polypos
761 3565 809 3615 pur
826 3547 863 3599 M.
884 3549 1034 3620 Trembley.

270 3637 398 3704 Opuecul.
416 3637 448 3688 de
464 3635 568 3705 physiq.
586 3653 634 3704 par
650 3635 687 3687 M.
708 3635 889 3706 Spallanzani.
908 3637 984 3690 Tom.
1003 3655 1031 3689 aa

204 3724 247 3795 (a)
264 3725 351 3792 Polipi
368 3725 396 3776 di
414 3743 494 3776 mare.
512 3725 592 3776 Mem.
609 3724 637 3776 di
654 3725 759 3795 Filippo
778 3725 906 3778 Cavolini.

203 3813 245 3884 (3)
262 3813 370 3865 Manuel
387 3815 423 3866 du
442 3815 508 3880 geol.
525 3831 573 3880 par
590 3813 627 3866 M.
645 3815 735 3863 Henri
750 3812 940 3868 de-ta-Becte.

254 3901 344 3954 Guide
361 3903 397 3953 du
414 3903 512 3968 geolog.
530 3919 620 3969 voyag.
639 3918 687 3968 par
703 3901 740 3951 M.
759 3903 819 3952 Ami
835 3904 910 3955 Bovr'.

253 3990 334 4046 tte'm.
353 3992 390 4044 du
407 3991 504 4060 geolog.
523 4009 571 4060 par
587 3991 628 4044 M.v
644 3992 676 4042 B.
695 3990 802 4042 Stridore
