<?xml version="1.0" encoding="UTF-8"?>
<!DOCTYPE html PUBLIC "-//W3C//DTD XHTML 1.0 Transitional//EN"
    "http://www.w3.org/TR/xhtml1/DTD/xhtml1-transitional.dtd">
<html xmlns="http://www.w3.org/1999/xhtml" xml:lang="en" lang="en">
 <head>
  <title>
</title>
<meta http-equiv="Content-Type" content="text/html;charset=utf-8" />
  <meta name='ocr-system' content='tesseract 3.04.00' />
  <meta name='ocr-capabilities' content='ocr_page ocr_carea ocr_par ocr_line ocrx_word'/>
</head>
<body>
  <div class='ocr_page' id='page_1' title='image "./specimenzoophyt00michgoog_0123.png"; bbox 0 0 2716 4694; ppageno 0'>
   <div class='ocr_carea' id='block_1_1' title="bbox 172 333 239 381">
    <p class='ocr_par' dir='ltr' id='par_1_1' title="bbox 172 333 239 381">
     <span class='ocr_line' id='line_1_1' title="bbox 172 333 239 381; baseline -0.03 0"><span class='ocrx_word' id='word_1_1' title='bbox 172 333 239 381; x_wconf 84' lang='lat' dir='ltr'><strong>tto</strong></span> 
     </span>
    </p>
   </div>
   <div class='ocr_carea' id='block_1_2' title="bbox 165 425 893 617">
    <p class='ocr_par' dir='ltr' id='par_1_2' title="bbox 165 425 893 617">
     <span class='ocr_line' id='line_1_2' title="bbox 169 425 787 513; baseline 0 -25"><span class='ocrx_word' id='word_1_2' title='bbox 169 430 276 513; x_wconf 80' lang='lat' dir='ltr'><strong>Esper.</strong></span> <span class='ocrx_word' id='word_1_3' title='bbox 296 427 402 510; x_wconf 82' lang='lat' dir='ltr'><strong>Sappl.</strong></span> <span class='ocrx_word' id='word_1_4' title='bbox 429 445 454 486; x_wconf 76' lang='grc' dir='ltr'><strong>ι.</strong></span> <span class='ocrx_word' id='word_1_5' title='bbox 471 444 546 510; x_wconf 84' lang='lat' dir='ltr'><strong>pag.</strong></span> <span class='ocrx_word' id='word_1_6' title='bbox 568 425 632 506; x_wconf 83' lang='lat'><strong>86,</strong></span> <span class='ocrx_word' id='word_1_7' title='bbox 654 426 715 489; x_wconf 81' lang='lat' dir='ltr'><strong>tab.</strong></span> <span class='ocrx_word' id='word_1_8' title='bbox 738 447 787 509; x_wconf 85' lang='lat'><strong>7⁰·</strong></span> 
     </span>
     <span class='ocr_line' id='line_1_3' title="bbox 165 530 893 617; baseline 0 -22"><span class='ocrx_word' id='word_1_9' title='bbox 165 536 308 616; x_wconf 82' lang='lat' dir='ltr'><strong>Borguct.</strong></span> <span class='ocrx_word' id='word_1_10' title='bbox 330 533 431 594; x_wconf 73' lang='lat' dir='ltr'><strong>Traite</strong></span> <span class='ocrx_word' id='word_1_11' title='bbox 453 530 506 592; x_wconf 92' lang='lat' dir='ltr'><strong>des</strong></span> <span class='ocrx_word' id='word_1_12' title='bbox 528 532 604 615; x_wconf 85' lang='lat' dir='ltr'><strong>pe&#39;tr.</strong></span> <span class='ocrx_word' id='word_1_13' title='bbox 626 531 689 594; x_wconf 84' lang='lat' dir='ltr'><strong>tab.</strong></span> <span class='ocrx_word' id='word_1_14' title='bbox 711 553 748 615; x_wconf 89' lang='lat'><strong>9,</strong></span> <span class='ocrx_word' id='word_1_15' title='bbox 762 531 820 617; x_wconf 79' lang='lat' dir='ltr'><strong>fig.</strong></span> <span class='ocrx_word' id='word_1_16' title='bbox 840 534 893 610; x_wconf 72' lang='lat'><strong>42.</strong></span> 
     </span>
    </p>
   </div>
   <div class='ocr_carea' id='block_1_3' title="bbox 165 635 1172 828">
    <p class='ocr_par' dir='ltr' id='par_1_3' title="bbox 165 635 1172 828">
     <span class='ocr_line' id='line_1_4' title="bbox 165 635 1172 726; baseline 0.001 -24"><span class='ocrx_word' id='word_1_17' title='bbox 165 639 326 702; x_wconf 82' lang='lat' dir='ltr'><strong>Lamarclr.</strong></span> <span class='ocrx_word' id='word_1_18' title='bbox 348 638 423 699; x_wconf 84' lang='lat' dir='ltr'><strong>Hist.</strong></span> <span class='ocrx_word' id='word_1_19' title='bbox 442 635 496 698; x_wconf 87' lang='lat' dir='ltr'><strong>des</strong></span> <span class='ocrx_word' id='word_1_20' title='bbox 517 639 608 698; x_wconf 87' lang='lat' dir='ltr'><strong>anim.</strong></span> <span class='ocrx_word' id='word_1_21' title='bbox 629 659 695 699; x_wconf 89' lang='lat' dir='ltr'><strong>sam</strong></span> <span class='ocrx_word' id='word_1_22' title='bbox 717 648 793 702; x_wconf 83' lang='lat' dir='ltr'><strong>vert.</strong></span> <span class='ocrx_word' id='word_1_23' title='bbox 819 652 871 700; x_wconf 83' lang='lat' dir='ltr'><strong>ret</strong></span> <span class='ocrx_word' id='word_1_24' title='bbox 893 660 911 700; x_wconf 72' lang='grc' dir='ltr'><strong><em>ι</em></strong></span> <span class='ocrx_word' id='word_1_25' title='bbox 934 638 1008 702; x_wconf 83' lang='lat' dir='ltr'><strong>edit.</strong></span> <span class='ocrx_word' id='word_1_26' title='bbox 1018 660 1096 724; x_wconf 75' lang='lat' dir='ltr'><strong>pag.</strong></span> <span class='ocrx_word' id='word_1_27' title='bbox 1115 642 1172 726; x_wconf 72' lang='lat'><strong>407,</strong></span> 
     </span>
     <span class='ocr_line' id='line_1_5' title="bbox 202 742 642 828; baseline -0.005 -21"><span class='ocrx_word' id='word_1_28' title='bbox 202 767 233 806; x_wconf 87' lang='lat' dir='ltr'><strong>u.</strong></span> <span class='ocrx_word' id='word_1_29' title='bbox 253 744 275 807; x_wconf 84' lang='lat'>8</span> <span class='ocrx_word' id='word_1_30' title='bbox 296 744 421 826; x_wconf 81' lang='lat' dir='ltr'><strong>(astraea</strong></span> <span class='ocrx_word' id='word_1_31' title='bbox 441 742 642 828; x_wconf 84' lang='lat' dir='ltr'><strong>punctifera).</strong></span> 
     </span>
    </p>
   </div>
   <div class='ocr_carea' id='block_1_4' title="bbox 168 838 1030 934">
    <p class='ocr_par' dir='ltr' id='par_1_4' title="bbox 168 838 1030 934">
     <span class='ocr_line' id='line_1_6' title="bbox 168 838 1030 934; baseline -0.001 -20"><span class='ocrx_word' id='word_1_32' title='bbox 168 852 341 914; x_wconf 81' lang='lat' dir='ltr'><strong>Blainville.</strong></span> <span class='ocrx_word' id='word_1_33' title='bbox 362 849 483 913; x_wconf 85' lang='lat' dir='ltr'><strong>Manuel</strong></span> <span class='ocrx_word' id='word_1_34' title='bbox 504 848 698 932; x_wconf 84' lang='lat' dir='ltr'><strong>d&#39;actinolog.</strong></span> <span class='ocrx_word' id='word_1_35' title='bbox 715 869 790 934; x_wconf 85' lang='lat' dir='ltr'><strong>pag.</strong></span> <span class='ocrx_word' id='word_1_36' title='bbox 812 850 873 913; x_wconf 84' lang='lat'><strong>383</strong></span> <span class='ocrx_word' id='word_1_37' title='bbox 895 838 1030 931; x_wconf 87' lang='lat' dir='ltr'><strong>(idem).</strong></span> 
     </span>
    </p>
   </div>
   <div class='ocr_carea' id='block_1_5' title="bbox 157 1015 1181 3052">
    <p class='ocr_par' dir='ltr' id='par_1_5' title="bbox 159 1015 1178 2224">
     <span class='ocr_line' id='line_1_7' title="bbox 215 1015 1171 1120; baseline 0 -27"><span class='ocrx_word' id='word_1_38' title='bbox 215 1019 298 1093; x_wconf 89' lang='lat' dir='ltr'><strong>Non</strong></span> <span class='ocrx_word' id='word_1_39' title='bbox 329 1044 445 1120; x_wconf 88' lang='lat' dir='ltr'><strong>pauca</strong></span> <span class='ocrx_word' id='word_1_40' title='bbox 482 1019 520 1088; x_wconf 91' lang='lat' dir='ltr'><strong>in</strong></span> <span class='ocrx_word' id='word_1_41' title='bbox 550 1015 616 1089; x_wconf 93' lang='lat' dir='ltr'><strong>hac</strong></span> <span class='ocrx_word' id='word_1_42' title='bbox 649 1017 772 1119; x_wconf 90' lang='lat' dir='ltr'><strong>specie</strong></span> <span class='ocrx_word' id='word_1_43' title='bbox 810 1037 1058 1116; x_wconf 86' lang='lat' dir='ltr'><strong>concurrunt,</strong></span> <span class='ocrx_word' id='word_1_44' title='bbox 1089 1018 1171 1094; x_wconf 85' lang='lat' dir='ltr'><strong>uude</strong></span> 
     </span>
     <span class='ocr_line' id='line_1_8' title="bbox 166 1137 1172 1242; baseline -0.001 -27"><span class='ocrx_word' id='word_1_45' title='bbox 166 1141 398 1242; x_wconf 82' lang='lat' dir='ltr'><strong>dignoscatur</strong></span> <span class='ocrx_word' id='word_1_46' title='bbox 424 1167 445 1211; x_wconf 92' lang='lat' dir='ltr'><strong>a</strong></span> <span class='ocrx_word' id='word_1_47' title='bbox 470 1139 601 1212; x_wconf 90' lang='lat' dir='ltr'><strong>ceteris</strong></span> <span class='ocrx_word' id='word_1_48' title='bbox 628 1137 842 1242; x_wconf 81' lang='lat' dir='ltr'><strong>speciebus3</strong></span> <span class='ocrx_word' id='word_1_49' title='bbox 869 1144 1076 1217; x_wconf 82' lang='lat' dir='ltr'><strong>summatim</strong></span> <span class='ocrx_word' id='word_1_50' title='bbox 1100 1168 1172 1216; x_wconf 85' lang='lat' dir='ltr'><strong>vero</strong></span> 
     </span>
     <span class='ocr_line' id='line_1_9' title="bbox 165 1261 1175 1362; baseline -0.002 -24"><span class='ocrx_word' id='word_1_51' title='bbox 165 1261 391 1339; x_wconf 74' lang='lat' dir='ltr'><strong>characteres</strong></span> <span class='ocrx_word' id='word_1_52' title='bbox 404 1266 600 1335; x_wconf 77' lang='lat' dir='ltr'><strong>sarcinula</strong></span> <span class='ocrx_word' id='word_1_53' title='bbox 610 1278 799 1362; x_wconf 69' lang='lat' dir='ltr'><strong>punctura</strong></span> <span class='ocrx_word' id='word_1_54' title='bbox 814 1266 958 1339; x_wconf 85' lang='lat' dir='ltr'><strong>Liunau&#39;</strong></span> <span class='ocrx_word' id='word_1_55' title='bbox 970 1290 1119 1339; x_wconf 88' lang='lat' dir='ltr'><strong>cernere</strong></span> <span class='ocrx_word' id='word_1_56' title='bbox 1129 1279 1175 1338; x_wconf 90' lang='lat' dir='ltr'><strong>est</strong></span> 
     </span>
     <span class='ocr_line' id='line_1_10' title="bbox 165 1381 1174 1487; baseline 0.001 -30"><span class='ocrx_word' id='word_1_57' title='bbox 165 1387 203 1458; x_wconf 92' lang='lat' dir='ltr'><strong>in</strong></span> <span class='ocrx_word' id='word_1_58' title='bbox 230 1385 418 1485; x_wconf 82' lang='lat' dir='ltr'><strong>exiguitate</strong></span> <span class='ocrx_word' id='word_1_59' title='bbox 444 1381 648 1478; x_wconf 84' lang='lat' dir='ltr'><strong>stellarum3</strong></span> <span class='ocrx_word' id='word_1_60' title='bbox 674 1386 711 1456; x_wconf 90' lang='lat' dir='ltr'><strong>in</strong></span> <span class='ocrx_word' id='word_1_61' title='bbox 738 1409 862 1458; x_wconf 82' lang='lat' dir='ltr'><strong>earum</strong></span> <span class='ocrx_word' id='word_1_62' title='bbox 884 1387 1054 1479; x_wconf 87' lang='lat' dir='ltr'><strong>cavitatc;</strong></span> <span class='ocrx_word' id='word_1_63' title='bbox 1078 1404 1174 1487; x_wconf 87' lang='lat' dir='ltr'><strong>atque</strong></span> 
     </span>
     <span class='ocr_line' id='line_1_11' title="bbox 167 1504 1174 1611; baseline 0 -30"><span class='ocrx_word' id='word_1_64' title='bbox 167 1509 203 1581; x_wconf 91' lang='lat' dir='ltr'><strong>iu</strong></span> <span class='ocrx_word' id='word_1_65' title='bbox 224 1506 426 1583; x_wconf 87' lang='lat' dir='ltr'><strong>interstitiis</strong></span> <span class='ocrx_word' id='word_1_66' title='bbox 450 1504 629 1607; x_wconf 77' lang='lat' dir='ltr'><strong>ejusdem,</strong></span> <span class='ocrx_word' id='word_1_67' title='bbox 648 1531 728 1607; x_wconf 87' lang='lat' dir='ltr'><strong>quae</strong></span> <span class='ocrx_word' id='word_1_68' title='bbox 750 1523 834 1581; x_wconf 90' lang='lat' dir='ltr'><strong>sunt</strong></span> <span class='ocrx_word' id='word_1_69' title='bbox 854 1527 1174 1611; x_wconf 78' lang='lat' dir='ltr'><strong>porosopunctata.</strong></span> 
     </span>
     <span class='ocr_line' id='line_1_12' title="bbox 164 1625 1177 1731; baseline 0.004 -27"><span class='ocrx_word' id='word_1_70' title='bbox 164 1632 212 1704; x_wconf 84' lang='lat' dir='ltr'><strong>At</strong></span> <span class='ocrx_word' id='word_1_71' title='bbox 236 1626 451 1731; x_wconf 85' lang='lat' dir='ltr'><strong>jampridem</strong></span> <span class='ocrx_word' id='word_1_72' title='bbox 475 1627 672 1701; x_wconf 85' lang='lat' dir='ltr'><strong>invaluerat</strong></span> <span class='ocrx_word' id='word_1_73' title='bbox 698 1625 910 1730; x_wconf 89' lang='lat' dir='ltr'><strong>disputatio,</strong></span> <span class='ocrx_word' id='word_1_74' title='bbox 936 1656 1025 1703; x_wconf 91' lang='lat' dir='ltr'><strong>num</strong></span> <span class='ocrx_word' id='word_1_75' title='bbox 1049 1634 1177 1708; x_wconf 84' lang='lat' dir='ltr'><strong>madre·</strong></span> 
     </span>
     <span class='ocr_line' id='line_1_13' title="bbox 159 1751 1177 1856; baseline -0.002 -28"><span class='ocrx_word' id='word_1_76' title='bbox 159 1781 255 1856; x_wconf 84' lang='lat' dir='ltr'><strong>pora</strong></span> <span class='ocrx_word' id='word_1_77' title='bbox 282 1776 438 1825; x_wconf 86' lang='lat' dir='ltr'><strong>arenosa</strong></span> <span class='ocrx_word' id='word_1_78' title='bbox 461 1774 542 1822; x_wconf 91' lang='lat' dir='ltr'><strong>cum</strong></span> <span class='ocrx_word' id='word_1_79' title='bbox 565 1775 606 1822; x_wconf 92' lang='lat' dir='ltr'><strong>ea</strong></span> <span class='ocrx_word' id='word_1_80' title='bbox 628 1752 855 1844; x_wconf 87' lang='lat' dir='ltr'><strong>conveniret,</strong></span> <span class='ocrx_word' id='word_1_81' title='bbox 888 1751 935 1825; x_wconf 86' lang='lat' dir='ltr'><strong>de</strong></span> <span class='ocrx_word' id='word_1_82' title='bbox 958 1779 1032 1853; x_wconf 88' lang='lat' dir='ltr'><strong>qua</strong></span> <span class='ocrx_word' id='word_1_83' title='bbox 1061 1756 1177 1828; x_wconf 89' lang='lat' dir='ltr'><strong>memi-</strong></span> 
     </span>
     <span class='ocr_line' id='line_1_14' title="bbox 163 1875 1178 1974; baseline 0.002 -26"><span class='ocrx_word' id='word_1_84' title='bbox 163 1878 219 1949; x_wconf 90' lang='lat' dir='ltr'><strong>nit</strong></span> <span class='ocrx_word' id='word_1_85' title='bbox 241 1877 360 1974; x_wconf 80' lang='lat' dir='ltr'><strong>Esper</strong></span> <span class='ocrx_word' id='word_1_86' title='bbox 377 1906 393 1963; x_wconf 90' lang='lat'><strong>,·</strong></span> <span class='ocrx_word' id='word_1_87' title='bbox 419 1888 455 1946; x_wconf 90' lang='lat' dir='ltr'><strong>at</strong></span> <span class='ocrx_word' id='word_1_88' title='bbox 491 1875 528 1944; x_wconf 92' lang='lat' dir='ltr'><strong>in</strong></span> <span class='ocrx_word' id='word_1_89' title='bbox 560 1898 719 1946; x_wconf 85' lang='lat' dir='ltr'><strong>arenosa</strong></span> <span class='ocrx_word' id='word_1_90' title='bbox 742 1877 921 1947; x_wconf 91' lang='lat' dir='ltr'><strong>cernimus</strong></span> <span class='ocrx_word' id='word_1_91' title='bbox 959 1875 1084 1950; x_wconf 88' lang='lat' dir='ltr'><strong>stellas</strong></span> <span class='ocrx_word' id='word_1_92' title='bbox 1109 1935 1121 1971; x_wconf 89' lang='lat'><strong><em>,</em></strong></span> <span class='ocrx_word' id='word_1_93' title='bbox 1144 1893 1178 1950; x_wconf 88' lang='lat' dir='ltr'><strong>ut</strong></span> 
     </span>
     <span class='ocr_line' id='line_1_15' title="bbox 164 1993 1178 2101; baseline 0.001 -30"><span class='ocrx_word' id='word_1_94' title='bbox 164 1999 411 2084; x_wconf 82' lang='lat' dir='ltr'><strong>aitLinuoeus,</strong></span> <span class='ocrx_word' id='word_1_95' title='bbox 427 1993 648 2095; x_wconf 59' lang='lat' dir='ltr'><strong>majusculam</strong></span> <span class='ocrx_word' id='word_1_96' title='bbox 662 2011 841 2097; x_wconf 77' lang='lat' dir='ltr'><strong>praterea</strong></span> <span class='ocrx_word' id='word_1_97' title='bbox 857 1997 894 2068; x_wconf 93' lang='lat' dir='ltr'><strong>in</strong></span> <span class='ocrx_word' id='word_1_98' title='bbox 920 1995 1052 2073; x_wconf 88' lang='lat' dir='ltr'><strong>eadem</strong></span> <span class='ocrx_word' id='word_1_99' title='bbox 1063 2001 1178 2101; x_wconf 87' lang='lat' dir='ltr'><strong>specie</strong></span> 
     </span>
     <span class='ocr_line' id='line_1_16' title="bbox 166 2117 1177 2224; baseline -0.001 -29"><span class='ocrx_word' id='word_1_100' title='bbox 166 2117 278 2195; x_wconf 82' lang='lat' dir='ltr'><strong>steliae</strong></span> <span class='ocrx_word' id='word_1_101' title='bbox 294 2119 472 2219; x_wconf 78' lang='lat' dir='ltr'><strong>contiguae</strong></span> <span class='ocrx_word' id='word_1_102' title='bbox 486 2134 586 2191; x_wconf 90' lang='lat' dir='ltr'><strong>sunt:</strong></span> <span class='ocrx_word' id='word_1_103' title='bbox 600 2134 726 2191; x_wconf 84' lang='lat' dir='ltr'><strong>contra</strong></span> <span class='ocrx_word' id='word_1_104' title='bbox 740 2120 777 2191; x_wconf 91' lang='lat' dir='ltr'><strong>in</strong></span> <span class='ocrx_word' id='word_1_105' title='bbox 790 2124 979 2193; x_wconf 77' lang='lat' dir='ltr'><strong>sarcinula</strong></span> <span class='ocrx_word' id='word_1_106' title='bbox 988 2136 1177 2224; x_wconf 77' lang='lat' dir='ltr'><strong>punctam</strong></span> 
     </span>
    </p>

    <p class='ocr_par' dir='ltr' id='par_1_6' title="bbox 157 2238 1181 3052">
     <span class='ocr_line' id='line_1_17' title="bbox 212 2238 1179 2318; baseline 0.002 -4"><span class='ocrx_word' id='word_1_107' title='bbox 212 2243 267 2315; x_wconf 81' lang='lat' dir='ltr'><strong>Ex</strong></span> <span class='ocrx_word' id='word_1_108' title='bbox 286 2238 550 2314; x_wconf 89' lang='lat' dir='ltr'><strong>recentioribus</strong></span> <span class='ocrx_word' id='word_1_109' title='bbox 573 2256 692 2313; x_wconf 90' lang='lat' dir='ltr'><strong>autem</strong></span> <span class='ocrx_word' id='word_1_110' title='bbox 709 2239 868 2312; x_wconf 84' lang='lat' dir='ltr'><strong>nonnulii</strong></span> <span class='ocrx_word' id='word_1_111' title='bbox 886 2239 954 2315; x_wconf 91' lang='lat' dir='ltr'><strong>hac</strong></span> <span class='ocrx_word' id='word_1_112' title='bbox 969 2257 1104 2318; x_wconf 81' lang='lat' dir='ltr'><strong>astroea</strong></span> <span class='ocrx_word' id='word_1_113' title='bbox 1126 2243 1179 2318; x_wconf 93' lang='lat' dir='ltr'><strong>oh·</strong></span> 
     </span>
     <span class='ocr_line' id='line_1_18' title="bbox 162 2363 1180 2464; baseline 0.004 -29"><span class='ocrx_word' id='word_1_114' title='bbox 162 2363 242 2456; x_wconf 92' lang='lat' dir='ltr'><strong>liti,</strong></span> <span class='ocrx_word' id='word_1_115' title='bbox 269 2389 399 2435; x_wconf 88' lang='lat' dir='ltr'><strong>novam</strong></span> <span class='ocrx_word' id='word_1_116' title='bbox 425 2363 603 2434; x_wconf 88' lang='lat' dir='ltr'><strong>invenisse</strong></span> <span class='ocrx_word' id='word_1_117' title='bbox 630 2379 802 2463; x_wconf 87' lang='lat' dir='ltr'><strong>putarunt</strong></span> <span class='ocrx_word' id='word_1_118' title='bbox 828 2363 864 2435; x_wconf 93' lang='lat' dir='ltr'><strong>in</strong></span> <span class='ocrx_word' id='word_1_119' title='bbox 884 2371 1018 2464; x_wconf 82' lang='lat' dir='ltr'><strong>puncti</strong></span> <span class='ocrx_word' id='word_1_120' title='bbox 1031 2393 1096 2439; x_wconf 87' lang='lat' dir='ltr'><strong>era</strong></span> <span class='ocrx_word' id='word_1_121' title='bbox 1110 2401 1125 2459; x_wconf 83' lang='lat'><strong>‚-</strong></span> <span class='ocrx_word' id='word_1_122' title='bbox 1148 2383 1180 2439; x_wconf 87' lang='lat' dir='ltr'><strong>at</strong></span> 
     </span>
     <span class='ocr_line' id='line_1_19' title="bbox 162 2487 1180 2586; baseline 0.002 -28"><span class='ocrx_word' id='word_1_123' title='bbox 162 2504 356 2586; x_wconf 84' lang='lat' dir='ltr'><strong>utrumque</strong></span> <span class='ocrx_word' id='word_1_124' title='bbox 379 2510 590 2586; x_wconf 82' lang='lat' dir='ltr'><strong>perperam3</strong></span> <span class='ocrx_word' id='word_1_125' title='bbox 614 2510 698 2554; x_wconf 86' lang='lat' dir='ltr'><strong>nam</strong></span> <span class='ocrx_word' id='word_1_126' title='bbox 719 2500 849 2557; x_wconf 82' lang='lat' dir='ltr'><strong>astroea</strong></span> <span class='ocrx_word' id='word_1_127' title='bbox 867 2487 1082 2586; x_wconf 71' lang='lat' dir='ltr'><strong>puuctifera</strong></span> <span class='ocrx_word' id='word_1_128' title='bbox 1105 2516 1180 2562; x_wconf 86' lang='lat' dir='ltr'><strong>vera</strong></span> 
     </span>
     <span class='ocr_line' id='line_1_20' title="bbox 164 2607 1180 2706; baseline 0.004 -24"><span class='ocrx_word' id='word_1_129' title='bbox 164 2626 219 2682; x_wconf 89' lang='lat' dir='ltr'><strong>est</strong></span> <span class='ocrx_word' id='word_1_130' title='bbox 233 2613 440 2694; x_wconf 81' lang='lat' dir='ltr'><strong>sarcinula,</strong></span> <span class='ocrx_word' id='word_1_131' title='bbox 459 2623 567 2706; x_wconf 88' lang='lat' dir='ltr'><strong>atque</strong></span> <span class='ocrx_word' id='word_1_132' title='bbox 591 2607 737 2679; x_wconf 91' lang='lat' dir='ltr'><strong>omnino</strong></span> <span class='ocrx_word' id='word_1_133' title='bbox 761 2610 926 2680; x_wconf 89' lang='lat' dir='ltr'><strong>convenit</strong></span> <span class='ocrx_word' id='word_1_134' title='bbox 948 2636 1029 2680; x_wconf 88' lang='lat' dir='ltr'><strong>curn</strong></span> <span class='ocrx_word' id='word_1_135' title='bbox 1047 2615 1180 2686; x_wconf 87' lang='lat' dir='ltr'><strong>madre-</strong></span> 
     </span>
     <span class='ocr_line' id='line_1_21' title="bbox 157 2727 1181 2831; baseline 0.003 -26"><span class='ocrx_word' id='word_1_136' title='bbox 157 2759 253 2831; x_wconf 84' lang='lat' dir='ltr'><strong>pora</strong></span> <span class='ocrx_word' id='word_1_137' title='bbox 270 2746 467 2830; x_wconf 70' lang='lat' dir='ltr'><strong>punctura,</strong></span> <span class='ocrx_word' id='word_1_138' title='bbox 484 2727 528 2800; x_wconf 89' lang='lat' dir='ltr'><strong>de</strong></span> <span class='ocrx_word' id='word_1_139' title='bbox 552 2753 622 2827; x_wconf 91' lang='lat' dir='ltr'><strong>qua</strong></span> <span class='ocrx_word' id='word_1_140' title='bbox 644 2753 849 2801; x_wconf 87' lang='lat' dir='ltr'><strong>sermonem</strong></span> <span class='ocrx_word' id='word_1_141' title='bbox 870 2728 998 2802; x_wconf 87' lang='lat' dir='ltr'><strong>habuit</strong></span> <span class='ocrx_word' id='word_1_142' title='bbox 1014 2736 1181 2807; x_wconf 83' lang='lat' dir='ltr'><strong>Liunaus</strong></span> 
     </span>
     <span class='ocr_line' id='line_1_22' title="bbox 162 2852 1178 2954; baseline 0.004 -30"><span class='ocrx_word' id='word_1_143' title='bbox 162 2856 199 2925; x_wconf 91' lang='lat' dir='ltr'><strong>in</strong></span> <span class='ocrx_word' id='word_1_144' title='bbox 223 2868 379 2950; x_wconf 80' lang='lat' dir='ltr'><strong>systema</strong></span> <span class='ocrx_word' id='word_1_145' title='bbox 405 2865 571 2924; x_wconf 80' lang='lat' dir='ltr'><strong>natura:</strong></span> <span class='ocrx_word' id='word_1_146' title='bbox 599 2852 637 2920; x_wconf 91' lang='lat' dir='ltr'><strong>in</strong></span> <span class='ocrx_word' id='word_1_147' title='bbox 663 2867 795 2923; x_wconf 77' lang='lat' dir='ltr'><strong>astroea</strong></span> <span class='ocrx_word' id='word_1_148' title='bbox 823 2869 941 2924; x_wconf 89' lang='lat' dir='ltr'><strong>autem</strong></span> <span class='ocrx_word' id='word_1_149' title='bbox 969 2864 1104 2954; x_wconf 80' lang='lat' dir='ltr'><strong>puncti</strong></span> <span class='ocrx_word' id='word_1_150' title='bbox 1121 2884 1178 2930; x_wconf 85' lang='lat' dir='ltr'><strong>ero</strong></span> 
     </span>
     <span class='ocr_line' id='line_1_23' title="bbox 161 2971 1179 3052; baseline 0.008 -8"><span class='ocrx_word' id='word_1_151' title='bbox 161 3000 282 3045; x_wconf 89' lang='lat' dir='ltr'><strong>veram</strong></span> <span class='ocrx_word' id='word_1_152' title='bbox 307 2999 372 3046; x_wconf 91' lang='lat' dir='ltr'><strong>nos</strong></span> <span class='ocrx_word' id='word_1_153' title='bbox 410 2971 545 3044; x_wconf 85' lang='lat' dir='ltr'><strong>habere</strong></span> <span class='ocrx_word' id='word_1_154' title='bbox 571 2977 795 3045; x_wconf 81' lang='lat' dir='ltr'><strong>sarcinulam</strong></span> <span class='ocrx_word' id='word_1_155' title='bbox 832 2974 888 3047; x_wconf 83' lang='lat' dir='ltr'><strong>vel</strong></span> <span class='ocrx_word' id='word_1_156' title='bbox 921 2973 969 3046; x_wconf 90' lang='lat' dir='ltr'><strong>ob</strong></span> <span class='ocrx_word' id='word_1_157' title='bbox 1009 2977 1048 3050; x_wconf 85' lang='lat' dir='ltr'><strong>id</strong></span> <span class='ocrx_word' id='word_1_158' title='bbox 1076 3007 1179 3052; x_wconf 90' lang='lat' dir='ltr'><strong>unum</strong></span> 
     </span>
    </p>
   </div>
   <div class='ocr_carea' id='block_1_6' title="bbox 163 3092 1177 3202">
    <p class='ocr_par' dir='ltr' id='par_1_7' title="bbox 163 3092 1177 3202">
     <span class='ocr_line' id='line_1_24' title="bbox 163 3092 1177 3202; baseline 0.004 -34"><span class='ocrx_word' id='word_1_159' title='bbox 163 3111 304 3168; x_wconf 87' lang='lat' dir='ltr'><strong>constat</strong></span> <span class='ocrx_word' id='word_1_160' title='bbox 319 3152 329 3187; x_wconf 93' lang='lat'>‚</span> <span class='ocrx_word' id='word_1_161' title='bbox 358 3092 456 3194; x_wconf 88' lang='lat' dir='ltr'><strong>quod</strong></span> <span class='ocrx_word' id='word_1_162' title='bbox 482 3094 593 3166; x_wconf 88' lang='lat' dir='ltr'><strong>relata</strong></span> <span class='ocrx_word' id='word_1_163' title='bbox 619 3093 726 3167; x_wconf 85' lang='lat' dir='ltr'><strong>suerit</strong></span> <span class='ocrx_word' id='word_1_164' title='bbox 753 3097 848 3166; x_wconf 89' lang='lat' dir='ltr'><strong>inter</strong></span> <span class='ocrx_word' id='word_1_165' title='bbox 869 3111 1021 3172; x_wconf 84' lang='lat' dir='ltr'><strong>astroeas</strong></span> <span class='ocrx_word' id='word_1_166' title='bbox 1043 3101 1177 3202; x_wconf 80' lang='lat' dir='ltr'><strong>tubipo·</strong></span> 
     </span>
    </p>
   </div>
   <div class='ocr_carea' id='block_1_7' title="bbox 161 3219 1176 3902">
    <p class='ocr_par' dir='ltr' id='par_1_8' title="bbox 161 3219 1176 3564">
     <span class='ocr_line' id='line_1_25' title="bbox 161 3219 1176 3323; baseline 0 -33"><span class='ocrx_word' id='word_1_167' title='bbox 161 3245 248 3304; x_wconf 85' lang='lat' dir='ltr'><strong>ros,</strong></span> <span class='ocrx_word' id='word_1_168' title='bbox 275 3244 356 3316; x_wconf 75' lang='lat' dir='ltr'><strong>qum</strong></span> <span class='ocrx_word' id='word_1_169' title='bbox 396 3219 432 3286; x_wconf 89' lang='lat' dir='ltr'><strong>in</strong></span> <span class='ocrx_word' id='word_1_170' title='bbox 464 3222 733 3288; x_wconf 81' lang='lat' dir='ltr'><strong>sarcinularum</strong></span> <span class='ocrx_word' id='word_1_171' title='bbox 760 3243 871 3290; x_wconf 90' lang='lat' dir='ltr'><strong>censu</strong></span> <span class='ocrx_word' id='word_1_172' title='bbox 896 3223 1020 3293; x_wconf 85' lang='lat' dir='ltr'><strong>venire</strong></span> <span class='ocrx_word' id='word_1_173' title='bbox 1056 3221 1176 3323; x_wconf 89' lang='lat' dir='ltr'><strong>procul</strong></span> 
     </span>
     <span class='ocr_line' id='line_1_26' title="bbox 162 3338 1174 3432; baseline 0.002 -18"><span class='ocrx_word' id='word_1_174' title='bbox 162 3340 273 3414; x_wconf 86' lang='lat' dir='ltr'><strong>dubio</strong></span> <span class='ocrx_word' id='word_1_175' title='bbox 302 3338 460 3431; x_wconf 85' lang='lat' dir='ltr'><strong>debant,</strong></span> <span class='ocrx_word' id='word_1_176' title='bbox 487 3340 552 3432; x_wconf 85' lang='lat' dir='ltr'><strong>uti,</strong></span> <span class='ocrx_word' id='word_1_177' title='bbox 580 3338 664 3410; x_wconf 86' lang='lat' dir='ltr'><strong>dum</strong></span> <span class='ocrx_word' id='word_1_178' title='bbox 688 3338 732 3411; x_wconf 83' lang='lat' dir='ltr'><strong>de</strong></span> <span class='ocrx_word' id='word_1_179' title='bbox 760 3346 955 3415; x_wconf 77' lang='lat' dir='ltr'><strong>sarcinula</strong></span> <span class='ocrx_word' id='word_1_180' title='bbox 974 3342 1174 3419; x_wconf 84' lang='lat' dir='ltr'><strong>definitione</strong></span> 
     </span>
     <span class='ocr_line' id='line_1_27' title="bbox 161 3460 741 3564; baseline -0.005 -28"><span class='ocrx_word' id='word_1_181' title='bbox 161 3463 322 3564; x_wconf 80' lang='lat' dir='ltr'><strong>agebam,</strong></span> <span class='ocrx_word' id='word_1_182' title='bbox 349 3460 615 3533; x_wconf 85' lang='lat' dir='ltr'><strong>demonstrasse</strong></span> <span class='ocrx_word' id='word_1_183' title='bbox 642 3478 741 3560; x_wconf 77' lang='lat' dir='ltr'><strong>puto·</strong></span> 
     </span>
    </p>

    <p class='ocr_par' dir='ltr' id='par_1_9' title="bbox 210 3580 572 3655">
     <span class='ocr_line' id='line_1_28' title="bbox 210 3580 572 3655; baseline -0.003 0"><span class='ocrx_word' id='word_1_184' title='bbox 210 3582 358 3655; x_wconf 84' lang='lat' dir='ltr'><strong>Habitat</strong></span> <span class='ocrx_word' id='word_1_185' title='bbox 384 3585 419 3652; x_wconf 88' lang='lat' dir='ltr'><strong>in</strong></span> <span class='ocrx_word' id='word_1_186' title='bbox 446 3580 572 3654; x_wconf 87' lang='lat' dir='ltr'><strong>Indiis.</strong></span> 
     </span>
    </p>

    <p class='ocr_par' dir='ltr' id='par_1_10' title="bbox 210 3704 835 3805">
     <span class='ocr_line' id='line_1_29' title="bbox 210 3704 835 3805; baseline 0.002 -29"><span class='ocrx_word' id='word_1_187' title='bbox 210 3707 404 3805; x_wconf 84' lang='lat' dir='ltr'><strong>Reperitur</strong></span> <span class='ocrx_word' id='word_1_188' title='bbox 429 3707 465 3776; x_wconf 89' lang='lat' dir='ltr'><strong>in</strong></span> <span class='ocrx_word' id='word_1_189' title='bbox 493 3704 582 3777; x_wconf 86' lang='lat' dir='ltr'><strong>colle</strong></span> <span class='ocrx_word' id='word_1_190' title='bbox 610 3705 835 3778; x_wconf 85' lang='lat' dir='ltr'><strong>Taurinensi.</strong></span> 
     </span>
    </p>

    <p class='ocr_par' dir='ltr' id='par_1_11' title="bbox 210 3827 900 3902">
     <span class='ocr_line' id='line_1_30' title="bbox 210 3827 900 3902; baseline 0.003 -2"><span class='ocrx_word' id='word_1_191' title='bbox 210 3830 303 3901; x_wconf 86' lang='lat' dir='ltr'><strong>Mus.</strong></span> <span class='ocrx_word' id='word_1_192' title='bbox 330 3828 478 3900; x_wconf 88' lang='lat' dir='ltr'><strong>Taurin.</strong></span> <span class='ocrx_word' id='word_1_193' title='bbox 506 3827 654 3902; x_wconf 86' lang='lat' dir='ltr'><strong>Collect.</strong></span> <span class='ocrx_word' id='word_1_194' title='bbox 682 3828 900 3902; x_wconf 70' lang='lat' dir='ltr'><strong>Miclzatoui.</strong></span> 
     </span>
    </p>
   </div>
   <div class='ocr_carea' id='block_1_8' title="bbox 0 0 1362 4694">
    <p class='ocr_par' dir='ltr' id='par_1_12' title="bbox 0 0 1362 4694">
     <span class='ocr_line' id='line_1_31' title="bbox 0 0 1362 4694; baseline 0 1"><span class='ocrx_word' id='word_1_195' title='bbox 0 0 1362 4694; x_wconf 95' lang='lat' dir='ltr'><strong> </strong></span> 
     </span>
    </p>
   </div>
  </div>
 </body>
</html>
