2716 4694
1141 306 1189 404 87

174 410 354 475 Btainvttte.
377 411 500 475 Manuel
522 411 552 474 d’
567 414 735 496 actiaolog.
754 433 829 498 pag.
851 416 922 494 346.

174 517 465 629 Mine-'Edwards
487 519 577 581 Auct.
597 518 637 581 ad
658 520 806 582 Lamark.
828 534 902 583 tom.
924 545 942 583 a
963 543 1039 606 pag.
1062 524 1134 588 351.

202 776 292 852 Non
314 779 365 853 ita
388 775 492 853 facilc
518 776 620 878 hujus
647 780 786 879 speciei
811 797 1008 856 exarantur
1024 786 1193 886 proprie·

157 915 280 996 tates,
302 901 372 976 nisi
401 899 449 974 ad
468 899 772 1002 cyathoplzyllum
798 903 923 994 Goldfi
942 921 1103 980 mentem
1128 933 1190 984 re·

160 1022 373 1119 volvamus,
414 1022 528 1124 idque
560 1025 819 1125 potissimum,
861 1027 950 1125 quia
975 1027 1098 1103 annuli
1119 1031 1192 1103 cir·

160 1142 332 1221 comdant
355 1171 477 1220 ramos
507 1143 612 1247 hujus
637 1145 926 1248 caryophyllioe,
951 1175 1058 1251 aequc
1084 1179 1127 1226 ac
1153 1155 1193 1226 ii·

164 1265 246 1342 dem
275 1268 504 1342 inveniantur
528 1269 627 1342 circa
660 1267 967 1370 crothophytlum
990 1276 1191 1373 germanici

166 1389 381 1494 scriptoris3
402 1414 521 1490 neque
543 1387 616 1463 hoc
632 1391 813 1490 ignorarit
834 1407 960 1464 auctor
984 1390 1086 1494 hujus
1103 1416 1190 1499 spe·

163 1515 229 1588 ciei
241 1568 254 1609 ‚
281 1510 426 1614 quade
452 1514 591 1614 agimus
612 1538 623 1606 ;
649 1513 713 1613 qui
740 1528 863 1586 tamen
886 1511 1062 1590 fracturas
1088 1534 1191 1618 puta·

161 1637 242 1732 tit,
292 1661 375 1736 quae
413 1658 455 1707 ex
493 1632 634 1708 annulis
673 1631 929 1729 descendunt,
964 1652 1073 1736 atque
1104 1637 1191 1714 licet

161 1753 226 1832 hac
260 1754 306 1830 de
331 1783 374 1831 re
400 1754 511 1831 altum
536 1755 749 1850 silentium,
783 1771 861 1830 turn
886 1758 925 1828 in
950 1782 1014 1832 sua
1038 1757 1189 1835 historia

160 1879 366 1955 methodica
392 1877 636 1982 polyporum,
659 1895 737 1952 tum
762 1881 801 1951 in
815 1883 1101 1982 encyctopedia:
1128 1910 1189 1958 vc·

161 2018 365 2078 rumtamen
381 2001 460 2076 atiae
476 2017 574 2075 notae
595 2027 670 2075 non
695 1998 890 2096 deficiunt,
908 2001 954 2077 ad
971 2002 1190 2084 eludendam

162 2122 415 2227 cyatkoplrylla‘
437 2121 717 2198 similitudinem.

207 2243 500 2347 lncyatlropyllo
513 2244 692 2347 cylindros
716 2243 890 2322 habemus
906 2246 1042 2323 cellulis
1064 2248 1182 2324 diver·

162 2368 331 2472 gentibus
358 2370 579 2470 compositos
602 2425 614 2463 ,
654 2393 782 2469 quaeve
823 2370 1001 2470 originem
1027 2395 1187 2471 superne

157 2492 269 2569 altera
295 2517 337 2566 ex
354 2490 465 2565 altera
477 2489 626 2586 ducunt,
651 2491 740 2591 quin
755 2488 890 2565 reserat
912 2491 968 2564 vel
990 2516 1032 2563 ex
1058 2509 1186 2568 centro

160 2614 218 2692 rei
245 2638 287 2688 ex
316 2612 432 2689 latere
457 2613 497 2688 id
536 2629 656 2688 ortum
681 2610 841 2706 habeat3
876 2627 1056 2714 praeterea
1087 2615 1189 2716 quod
1301 2670 1308 2675 -

158 2739 387 2841 potissimum
428 2751 485 2811 est
498 2792 511 2829 ,
554 2733 808 2810 animadvertit
847 2736 1184 2815 Mune-Eatwards

160 2861 250 2936 dum
265 2861 315 2935 ait
328 2861 365 2934 in
382 2858 530 2962 singulis
548 2857 728 2962 polyparii
751 2856 1100 2959 cyathophyltorum
1116 2862 1188 2936 cel-

159 2982 242 3058 lulis
259 2981 421 3057 habitare
439 2981 626 3083 polypum:
640 2982 777 3055 nonita
794 3007 876 3055 cum
894 2979 1024 3055 eodem
1041 2981 1086 3056 de
1101 3008 1189 3081 cyo-

158 3104 380 3209 thophylla'a',
405 3120 570 3199 ostreae,
610 3103 678 3177 aiio
716 3129 890 3205 generum
932 3104 1191 3206 conjunctione

159 3231 304 3306 sentio:
326 3253 434 3304 secus
448 3230 545 3302 enim
563 3225 904 3322 contradictionem,
932 3256 1038 3329 qnam
1065 3232 1191 3330 posuit
1316 3262 1318 3267 ·

159 3355 200 3426 iu
227 3350 329 3426 hisce
351 3350 491 3425 duabus
519 3348 770 3452 opinionibus,
786 3352 964 3425 sustinere
992 3366 1191 3452 oporteret.

211 3474 400 3549 Habitat.
426 3529 436 3546 .
464 3529 472 3546 .
500 3475 695 3576 Reperitur
709 3499 827 3576 prope
854 3474 959 3547 Caen
985 3475 1023 3546 in
1043 3474 1189 3570 Gallia,

113 3598 117 3603 ’
161 3614 201 3672 et
224 3597 264 3670 in
289 3603 382 3672 colle
411 3598 567 3672 Tauria.

207 3722 303 3795 Mus.
343 3721 489 3815 Paris,
530 3722 623 3796 Mus·
646 3719 793 3795 Tauria.
809 3777 820 3815 ,
854 3720 993 3797 collect.
1030 3721 1167 3794 Sotteri
1180 3777 1193 3815 ‚
1323 3728 1327 3735 ‘

163 3841 388 3919 Michelotu’.
