2716 4694
929 393 931 398 -
1130 339 1175 417 15

163 456 290 556 miles,
317 469 426 561 atque
448 471 660 532 tuncsreras
685 454 837 561 hydras,
861 459 914 531 uti
935 470 1080 534 veteres
1106 369 1206 538 labil-
1245 455 1254 464 ’

159 579 359 674 labantur,
402 579 610 674 habemus3
646 580 702 655 vel
730 583 910 655 affirmare
938 579 1027 656 duos
1049 581 1203 686 polypos

159 718 298 805 reapse
327 701 536 804 conjunctos
564 728 673 796 esse,
700 720 738 778 et
764 702 930 804 profecto
957 706 1204 807 experimenta

164 853 187 899 a
214 829 356 900 Donati
380 827 561 928 incepta,
588 854 609 898 a
636 827 802 902 Carolini
827 844 1054 928 prosequuta
1082 844 1204 902 osten-

165 945 275 1040 dunt,
302 945 472 1049 sejunctis
499 946 664 1050 partibus
692 946 911 1050 polyporum
928 948 1126 1051 reproduei
1152 947 1199 1024 ad

163 1069 316 1142 modum
327 1071 442 1173 ipsius
459 1068 596 1172 polypi,
614 1071 678 1170 qui
695 1068 906 1144 divisionem
924 1096 1052 1173 passus
1067 1070 1197 1168 fuerat,

167 1193 238 1266 nisi
264 1191 431 1293 specialis
458 1193 510 1265 vis
538 1190 633 1264 aliud
660 1194 789 1294 exigat.

216 1311 367 1388 Habitat
391 1315 430 1387 in
450 1313 594 1388 Indiis.
623 1366 633 1386 .
659 1366 669 1386 .
695 1313 895 1414 Reperitur
920 1313 958 1387 in
984 1312 1076 1390 colle
1102 1315 1200 1393 Tau·

170 1436 311 1512 rinensi
332 1494 344 1532 ,
367 1453 404 1511 et
424 1439 462 1510 in
489 1462 577 1539 agro
603 1436 821 1509 Veronensi.
865 1483 868 1487 -

397 1603 678 1673 MEANDRINA
705 1601 974 1670 FILOGRANA

626 1777 736 1826 aseae

166 1917 211 1982 M.
230 1915 384 2000 globosa,
415 1916 620 1999 subgibbosa;
653 1914 845 2000 anfractibus
874 1914 1120 2003 superficialibus
1140 1936 1198 1983 att·

205 2025 315 2107 gustis,
336 2025 499 2105 tortuosis,
525 2022 657 2084 lamellis
672 2024 800 2108 parvis,
813 2023 937 2108 crispis,
956 2035 1065 2087 sutura
1084 2037 1199 2107 acuta,

193 2129 377 2215 filograna.

188 2276 348 2341 Gualtiert'
367 2274 471 2340 lodex.
492 2286 561 2338 test.
584 2274 646 2341 tab.
668 2294 720 2359 97.

185 2382 294 2466 Esper.
316 2381 466 2466 Zouphyt.
483 2401 559 2466 pag.
585 2382 654 2464 139.
676 2380 743 2441 απὸ.
762 2400 801 2441 aa
825 2376 876 2461 fig.
903 2397 929 2440 t.

185 2487 350 2549 humaret.
372 2487 497 2548 Histoir.
519 2488 628 2552 invert.
650 2498 722 2548 tom.
744 2505 763 2546 a
781 2503 857 2568 pag.
880 2481 954 2566 389.

187 2593 363 2655 Blat'nville.
384 2589 507 2655 Maouel
528 2590 558 2653 d’
570 2592 661 2654 actio.
673 2610 749 2674 pag.
771 2588 844 2652 358.

222 2759 343 2835 Colles
370 2757 579 2857 filisormes,
606 2759 748 2864 angusti
778 2755 861 2833 huie
883 2755 1021 2863 speclei
1046 2754 1200 2863 proprie

173 2884 404 2961 conveniunt.

222 3003 371 3085 Habitat
396 3006 436 3078 in
460 3002 583 3078 Indiis.
608 3002 805 3106 Reperitur
829 3002 868 3075 in
892 2999 1006 3079 Italia.

223 3128 318 3205 Mus.
344 3127 556 3207 Taurioens.
583 3123 732 3203 Colleot.
754 3121 974 3204 Michelotti.
