2716 4694
400 443 696 511 tuttelttotln
723 442 934 512 AV1CULA

332 678 334 683 ,
416 618 519 667 notus
547 592 678 687 (Tob.
705 594 739 670 3.
753 595 826 692 fig.
852 599 913 689 2)
973 606 983 618 ’

150 757 188 821 Τ.
209 768 337 820 rancato
359 778 533 843 compresso
552 805 561 838 ,
583 761 673 821 costis
693 762 797 841 raris,
817 759 976 841 obsoletis,
995 758 1187 844 rotundatis,

165 863 212 927 ad
225 863 494 949 laterasolioceis,
515 869 646 928 extensis
658 867 785 927 alarum
796 867 909 938 instar;
919 867 1012 929 sultis
1026 867 1189 948 medianis,

160 968 331 1055 profundis
337 997 350 1042 ,·
371 971 463 1033 stello
483 972 796 1055 convexo-oblonga,
813 973 944 1058 papillis
964 972 1130 1036 medianis.

163 1119 293 1181 Borson.
317 1118 425 1203 Oryct.
447 1117 570 1204 pedem.
588 1139 665 1204 pag.
690 1118 742 1182 35.
763 1118 892 1198 (made.
913 1141 944 1182 n.
964 1119 1021 1199 6.)

348 1263 468 1329 Variet.
490 1266 558 1328 basi
578 1267 685 1348 elata,
706 1268 798 1329 stella
818 1269 984 1330 latissimo.

197 1431 294 1506 Dum
318 1429 412 1507 hano
430 1435 592 1536 speciem
609 1458 788 1529 memoro,
806 1431 962 1509 dubitari
988 1452 1120 1539 posset
1144 1463 1189 1511 an

150 1553 239 1658 quid
266 1582 456 1631 commune
483 1555 615 1632 habeat
651 1583 735 1632 cum
762 1559 984 1660 mndreporo
1005 1565 1188 1654 areoloto,

151 1678 198 1755 de
226 1706 297 1781 qua
324 1683 400 1782 egit
424 1684 585 1772 Pallas,·
611 1707 736 1755 verum
762 1680 1021 1781 ianimadverto
1047 1685 1190 1758 madre·

140 1828 276 1905 porum
301 1828 378 1898 seu,
404 1818 444 1876 ut
470 1801 655 1879 hodiernis
677 1819 759 1876 utar
769 1802 931 1894 vocibus,
949 1794 1189 1879 turbinoliam

146 1931 371 2018 accolatum,
398 1943 587 2000 cuneatam
612 1923 769 1999 sormam
797 1951 873 2000 non
901 1922 1096 2021 exhibere3
1123 1925 1189 2002 sed

154 2046 320 2141 ovalem3
348 2046 449 2149 qnod
474 2064 549 2123 tum
577 2074 619 2122 ex
646 2047 867 2123 definitionis
895 2048 1085 2142 oratione3
1113 2065 1189 2123 tum

152 2194 195 2244 ex
220 2169 447 2245 citationibus
470 2170 516 2246 ab
539 2169 671 2246 eodem
695 2174 826 2245 Pallas
851 2169 974 2244 relatis
998 2187 1129 2271 aperte
1150 2170 1188 2244 li·

153 2307 262 2394 quet,
289 2317 373 2366 nam
390 2295 470 2396 ipse
492 2295 560 2390 ait,
586 2291 915 2369 subcaliciformem
941 2289 1099 2365 formam
1124 2290 1189 2366 ha·

150 2411 270 2513 bere,
297 2416 456 2521 calycem
483 2442 563 2492 esse
607 2418 645 2490 in
671 2414 806 2489 laciniis
834 2415 1063 2516 crispatum,
1089 2432 1188 2491 extus

151 2565 262 2641 parce
285 2541 649 2615 arenata-muricatis:
677 2537 810 2612 deinde
832 2535 947 2610 indita
969 2537 1123 2635 Slonnii,
1140 2555 1190 2612 at-

153 2686 225 2762 que
252 2665 412 2739 Petioori
435 2666 663 2756 auctoritate,
690 2663 775 2735 satis
802 2685 986 2763 superque
1014 2661 1189 2755 ostendit,

152 2784 423 2886 quidsenserit,
450 2783 534 2857 dum
552 2785 808 2886 madrepornm
824 2790 1029 2856 oreolntam
1054 2783 1190 2859 descri-

150 2905 273 2980 bebat.
301 2905 499 2981 Dubitandi
529 2924 649 2979 autem
665 2908 770 3001 ratio,
786 2932 895 3007 quam
920 2932 1041 3008 nuper
1059 2906 1190 2981 affere-

152 3028 251 3121 bam,
274 3030 310 3100 in
325 3055 368 3102 eo
381 3046 472 3124 erat,
486 3026 585 3127 quod
601 3027 667 3102 ubi
684 3030 916 3129 inspiciamus
941 3029 1191 3104 tantummodo

154 3149 417 3246 definitionem,
444 3151 636 3254 apparebit
660 3150 748 3223 nihil
764 3151 814 3223 ibi
840 3149 949 3244 tradi,
973 3151 1072 3253 quod
1086 3178 1191 3254 aeqne

151 3301 227 3348 non
254 3277 444 3348 conveniat
471 3293 507 3348 et
531 3275 737 3348 turbinatio
762 3281 938 3349 areolotce
959 3290 997 3347 et
1023 3272 1189 3347 turbino-

153 3396 210 3474 liae
235 3404 405 3490 attenta,-
419 3398 518 3490 hinc,
543 3425 653 3499 quum
670 3398 750 3499 ipse
772 3398 832 3491 ait,
853 3397 1093 3471 turbinoliam
1106 3425 1191 3474 are·

151 3527 288 3594 olotom
305 3519 705 3623 simplicem‚stellaqne
717 3518 909 3621 praeditam
917 3521 1189 3622 essecrispato-

152 3644 324 3719 laciniosa
339 3700 350 3737 ,
392 3661 428 3718 et
469 3643 626 3735 lamellas
670 3641 871 3719 crenulatas
907 3640 1072 3739 habere,
1110 3642 1191 3718 haec

154 3767 274 3840 omnia
300 3782 337 3840 et
361 3767 565 3841 turbinolioe
592 3773 743 3844 aniculae
769 3767 885 3868 aptari
911 3782 1080 3867 possunt,
1107 3793 1190 3868 quae

154 3888 483 3993 possidetlamellas
495 3890 708 3982 crenulatas,
726 3891 926 3990 generatim
940 3891 978 3961 in
991 3887 1192 3990 loquendo,

155 4015 367 4117 stellamque
394 4016 553 4117 crispam
578 4012 698 4089 hahet.
726 4011 823 4104 Quid
849 4011 894 4086 de
917 4010 1190 4114 subpedicillo?
