2716 4694
1149 327 1197 406 53

162 476 278 555 quum
296 447 369 526 hoc
392 450 575 552 posterius
598 446 759 525 studium
779 448 823 525 iis
848 449 969 553 potius
995 450 1200 553 pertineat,

160 573 293 678 quibus
306 598 522 648 concessum
531 589 587 648 est
597 571 792 648 methodos
802 574 1003 673 generatim
1014 572 1200 677 amplecti,

160 713 199 773 et
218 696 415 771 validiores
434 693 628 790 inducere,
648 699 745 770 inter
764 694 981 787 tanbinolias
1002 693 1094 770 hane
1117 721 1199 798 spe·

160 820 257 894 ciem
272 818 402 915 addixi,
414 834 496 893 utut
508 817 678 918 quaelibet
698 817 849 892 aliorum
866 820 915 893 sit
929 816 1049 892 futura
1063 821 1199 920 opinio.

209 939 364 1016 Habitat
389 994 398 1012 .
425 995 437 1017 .
463 993 474 1012 .
499 940 698 1042 Reperitur
721 940 760 1013 in
785 938 879 1014 colle
904 940 1134 1016 Taurinensi.

208 1065 306 1138 Mus.
333 1063 549 1137 Taurinens.
591 1059 745 1135 collect.
788 1061 928 1137 Soaert
940 1118 955 1150 ,
994 1063 1196 1154 Bellandi,

159 1185 368 1261 Marestatt
378 1242 393 1275 ,
417 1183 586 1278 Barelli,
613 1181 821 1273 Romam,
846 1183 1069 1259 Michelotti.

399 1349 764 1415 TURBINOLIA
797 1353 972 1416 OBESA

449 1481 551 1531 nome
575 1455 692 1549 (Tab.
712 1483 758 1552 2,
770 1457 843 1557 fig.
862 1459 910 1557 5)

163 1601 349 1667 Tarbinolia
362 1600 529 1687 depressa,
547 1599 776 1685 patellisormi,
799 1601 899 1682 brevi,
920 1605 1009 1665 costis
1034 1606 1074 1682 14
1092 1608 1197 1690 potio·

195 1709 283 1772 ribus
304 1707 421 1770 andalo
444 1708 549 1791 crispis
557 1733 570 1776 ;
586 1707 750 1767 interstitiis
759 1706 892 1768 lamellis
907 1709 1075 1771 minoribus
1089 1713 1193 1791 tribas,

196 1817 369 1900 marginem
390 1834 521 1892 versas,
543 1812 647 1873 leviter
670 1813 840 1874 laciniatis:
862 1815 953 1876 stella
979 1835 1114 1880 concava
1141 1838 1193 1880 ro·

197 1920 352 2002 tundata,
373 1931 476 1982 centro
494 1915 665 2001 papilloso.

208 2045 267 2118 De
294 2043 362 2118 alia
386 2067 456 2116 nec
481 2041 600 2115 minus
622 2038 793 2142 singulaii
813 2043 1012 2118 turbinolia
1035 2049 1191 2148 quaestio

161 2184 237 2265 est,
261 2183 478 2272 utpotequae
504 2161 615 2237 habet
630 2162 785 2238 formam
806 2164 1095 2263 trochiformem,
1119 2197 1193 2272 quo

162 2289 314 2394 quidem
338 2314 449 2364 sensu
491 2315 511 2360 a
543 2286 741 2362 inrbinolia
766 2302 911 2361 armata
938 2287 1194 2392 distinguitur,

159 2415 321 2516 magisve
345 2437 429 2486 cum
451 2409 646 2484 turbinolia
663 2415 845 2511 patellam
868 2415 1055 2505 convenit3
1084 2432 1193 2489 costae

160 2552 284 2610 autem
305 2559 430 2609 omnes
452 2528 627 2608 laciniatae
650 2547 734 2607 sunt
751 2533 846 2605 circa
862 2532 1076 2633 marginem,
1094 2535 1193 2610 unde

161 2659 295 2760 crispae
323 2673 433 2758 atque
474 2671 629 2731 crenatae
661 2655 949 2756 conspiciuntur.
984 2654 1093 2732 Stella
1129 2686 1192 2735 ro-

158 2778 335 2875 tundam,
370 2795 479 2879 atque
518 2803 676 2852 concava
715 2794 794 2873 est,
833 2777 976 2882 papillis
1002 2782 1041 2856 in
1067 2798 1193 2858 centra

160 2902 349 3009 praeditis3
376 2899 456 2976 basi
483 2917 596 2975 acuta.

210 3023 364 3101 Habitat
390 3079 400 3096 .
501 3023 697 3126 Reperitur
732 3024 771 3097 in
795 3023 899 3099 Italia
939 3026 979 3099 in
1008 3026 1193 3105 montibus

158 3149 355 3244 Dertonae,
381 3162 490 3248 atque
516 3148 554 3219 in
579 3145 672 3222 colle
698 3148 925 3223 Taurinensi.

210 3271 307 3347 Mus.
326 3268 741 3361 Taurin.Coll.Barelli,
756 3268 961 3361 Recitata,
977 3272 1194 3350 Mialzelotti.

364 3420 658 3485 TURBINOLIA
693 3421 991 3484 PYRAMIDATA

458 3552 561 3601 rioms
579 3527 697 3621 (Tab.
712 3553 732 3600 2
741 3530 831 3626 ,fig·
848 3530 897 3628 4)

161 3653 330 3741 Depressa,
343 3652 432 3715 costis
452 3649 736 3734 longitndinalibns‚
748 3653 869 3731 crassis,
884 3654 967 3714 raris
982 3652 1003 3714 6
1019 3657 1192 3736 angulatim

197 3758 245 3825 ad
265 3759 363 3822 basim
383 3756 556 3843 dispositis,
578 3757 745 3819 interstitiis
765 3757 893 3838 leviter,
914 3771 944 3820 et
971 3760 1103 3823 obsoleta
1124 3763 1192 3824 sal·

196 3867 440 3945 cato-crannum
461 3865 553 3926 stella
573 3864 733 3944 maxima,
755 3861 946 3946 rotundam,
963 3866 1075 3950 plana.

207 3988 349 4071 Peioris
375 3989 491 4065 affinis
517 3984 596 4064 haee
623 3987 738 4063 altera
764 4003 821 4065 est
846 3989 1006 4091 species3
1028 3985 1192 4065 sednon
