2716 4694
246 309 272 380 8

243 426 337 527 ipsi,
374 448 440 498 seu
472 423 630 526 polypo,
656 423 906 523 inorganicum
936 446 1102 524 semper,
1128 419 1265 524 ubsque

244 547 498 622 communione
524 570 607 617 cum
632 542 767 644 polypo
792 541 877 616 licet
902 542 1023 616 eidem
1048 541 1255 635 adherens,

290 670 420 760 Axem,
446 668 509 766 qui
533 668 572 737 in
596 681 723 737 centro
749 667 950 766 reperitur,
966 681 1119 738 testatur
1137 692 1228 742 cons
1246 654 1258 685 ‘⁸

239 805 357 863 tutum
382 787 567 861 evidenter
592 811 673 859 esse
698 784 897 859 substantia
922 789 1094 860 continua
1127 685 1267 893 abqu

240 935 458 1011 organorum
490 907 642 1002 indicio,
668 905 788 1008 ejusve
805 906 979 980 fracturas
1000 910 1130 984 vitreas
1151 908 1265 986 ferme

237 1057 341 1125 csse3
368 1048 526 1104 crustam
551 1047 694 1124 autem,
721 1056 802 1129 quae
834 1054 935 1102 arem
966 1031 1084 1130 tegit,
1114 1033 1266 1108 affimat

237 1171 403 1226 constare
429 1178 472 1226 ex
491 1155 652 1225 materiis
673 1153 863 1251 sepositis,
883 1169 994 1252 atque
1015 1151 1185 1248 adnexis,
1207 1157 1259 1228 ui-

236 1272 362 1374 bilque
384 1292 578 1376 propterea
600 1290 637 1347 et
657 1299 773 1364 axem,
796 1289 835 1346 et
855 1291 1032 1363 crustam,
1051 1258 1134 1373 quae
1155 1301 1262 1378 repe-

218 1413 222 1418 ’
236 1399 379 1469 riuntur
396 1399 431 1468 in
445 1398 655 1499 polypariis,
667 1421 857 1469 commuue
875 1393 1011 1469 habere
1025 1423 1107 1469 cum
1119 1395 1263 1499 polypo.

286 1518 452 1618 Denique
479 1516 728 1591 animadvertit
752 1515 942 1619 polyparia
968 1519 1019 1588 ita
1050 1543 1090 1590 se
1127 1516 1264 1594 habere

238 1637 541 1741 quemadmodum
558 1635 754 1712 molluscha
770 1655 945 1730 testacea3
958 1656 1113 1739 utroque
1125 1641 1162 1723 in
1178 1667 1266 1716 casu

237 1758 545 1833 transudationem
560 1786 757 1860 corporum
769 1761 1000 1832 animantium
1012 1786 1093 1835 csse
1107 1788 1268 1861 causam,

237 1908 303 1955 cur
328 1908 456 1955 corum
481 1898 688 1982 tegumenta
714 1883 887 1981 originem
912 1879 1081 1956 habeant.

287 2005 422 2077 Contra
437 2002 672 2077 sentientibus
684 2002 795 2074 multa
806 2001 925 2076 favent
938 2023 1164 2103 argumenta:
1180 2005 1266 2083 binc

236 2150 320 2198 cum
340 2126 662 2198 Miluo-Edwards
684 2124 903 2226 respondeo,
917 2125 1078 2198 cellulam
1091 2154 1164 2200 non
1183 2155 1264 2204 esse

235 2245 386 2349 simplex
407 2246 612 2348 depositum
632 2250 789 2320 materiae
805 2249 1048 2344 transadatoe,
1060 2276 1139 2351 ,quo
1154 2251 1263 2326 modo

236 2371 357 2442 evenit
378 2372 415 2442 in
439 2371 618 2461 testaceis,
634 2395 758 2442 verum
776 2369 1022 2444 conditionem
1043 2372 1264 2472 peculiarem

236 2491 412 2592 generalis
427 2493 697 2594 tegumentariae
711 2490 935 2566 membranae
951 2491 997 2564 ad
1014 2518 1097 2565 cum
1113 2495 1262 2570 modum

236 2615 464 2714 compositoe,
491 2639 565 2712 quo
594 2613 796 2713 composita
823 2630 878 2687 est
903 2616 939 2686 iu
972 2616 1185 2711 crustac'eis,
1211 2619 1263 2689 in·

236 2737 430 2832 sectisque.
456 2733 500 2804 Id
526 2758 567 2804 ex
593 2733 725 2832 analysi
753 2733 944 2806 deducitur
969 2732 1091 2808 habita
1113 2739 1151 2808 in
1171 2764 1258 2835 gor·

233 2859 372 2950 gomis,
391 2852 562 2953 quodque
589 2854 624 2924 in
650 2871 857 2954 tegumento
884 2857 1030 2957 incipiat
1056 2859 1260 2931 incremen-

236 2990 314 3046 tum
330 2977 551 3047 minutorum
572 2974 806 3077 polyporum,
824 2972 971 3076 ejusque
986 2993 1160 3050 texturam
1177 2997 1261 3053 tunc

235 3099 412 3196 temporis
435 3123 587 3197 augere,
613 3100 664 3170 uti
686 3115 786 3170 notat
807 3101 934 3171 Pallas
956 3099 1003 3171 ad
1022 3108 1240 3175 sertularias
1251 3160 1263 3196 ,

235 3234 368 3291 statuto
395 3217 494 3314 loco,
531 3221 619 3319 quin
640 3246 731 3292 nova
763 3236 874 3293 strata
903 3219 1130 3320 adjiciantur3
1153 3224 1259 3325 paulo

234 3357 321 3441 post
358 3341 511 3444 polypos
547 3341 697 3442 prodire
729 3366 771 3414 ex
805 3340 872 3415 hac
905 3343 1126 3417 membrano.
1158 3348 1258 3448 Ergo

231 3489 381 3537 necesse
421 3463 476 3536 est
512 3463 728 3538 concludere
761 3492 829 3568 per
863 3471 1259 3567 intus-susceptionem

236 3603 403 3658 constare
420 3584 664 3687 polyparium3
683 3586 747 3661 hac
769 3590 908 3661 ratione
925 3591 1089 3662 Corolini
1111 3589 1258 3666 difficul-

236 3720 347 3777 tatem
359 3707 396 3776 in
410 3704 925 3809 obtinendis,‹leducendisquc
938 3709 1078 3811 polypis
1091 3708 1256 3785 facillime
1328 3676 1348 3759 i*

236 3825 501 3929 explicabimus.
528 3829 686 3903 Firmior
712 3829 790 3905 haec
818 3832 939 3933 opinio
965 3848 1107 3925 manet,
1135 3835 1166 3906 si
1193 3833 1255 3907 ad·

223 3946 354 4025 damus
388 3953 572 4026 Lamurclr
605 3954 777 4027 sensisse,
795 3952 946 4057 polypos
977 3953 1254 4060 simplicissimos
