2724 4688
168 338 236 389 ¹¹²
397 421 667 491 sunctum
696 423 949 490 connexu
1063 500 1066 505 1

625 554 726 603 roms

165 658 292 725 Tabulis
301 657 494 740 matrs,
514 652 679 735 distinctis,
698 650 888 723 rotundam
909 649 1067 738 superficie
1075 651 1181 737 planos
1220 599 1225 643 t

197 766 292 829 stellis
311 763 448 825 concavis
468 757 722 834 multi-radiatim
744 759 916 819 interstitiis
928 754 1185 839 cciiuirfirmibns.

210 908 418 985 Posteriora
443 901 663 993 definitionis
689 899 801 977 verba
827 901 990 977 indicare
1016 901 1183 977 videntur

158 1029 408 1137 punctisercm
427 1044 597 1100 astroeam
618 1051 701 1099 cum
727 1022 821 1121 hac,
846 1024 968 1101 aliisve
995 1022 1182 1128 speciebus

160 1153 364 1246 convenire3
374 1147 440 1225 sed
449 1147 591 1223 cellulae
605 1148 641 1220 in
651 1162 784 1221 astroea
796 1153 917 1222 textili
928 1145 1084 1248 majores
1095 1161 1182 1240 sant,

163 1273 432 1376 conjunctique,
443 1287 552 1371 atque
565 1269 757 1343 interstitia
773 1294 848 1343 non
861 1268 951 1343 adeo
963 1268 1034 1343 late
1052 1284 1183 1372 patent3

164 1422 300 1503 poroso
326 1408 497 1497 punctata
510 1391 635 1490 ntique
652 1405 708 1463 est
723 1404 857 1464 cstroea
874 1382 1105 1492 pirensem,
1126 1385 1183 1465 sed

164 1518 202 1594 hi
227 1519 311 1621 pori
337 1540 412 1589 non
437 1510 528 1587 adeo
561 1527 599 1585 et
623 1535 770 1613 semper
790 1510 957 1612 liquent,
983 1528 1024 1585 ut
1049 1513 1182 1586 iasar
1224 1540 1226 1559 ²

163 1648 289 1719 cinola
308 1651 488 1713 contexto
514 1631 613 1734 cujus
639 1633 848 1725 interstitia,
875 1631 1182 1729 oximensium,

165 1791 246 1868 quae
272 1759 410 1855 stellas,
436 1783 501 1832 seu
531 1755 669 1829 loculos
693 1752 913 1857 conjungunt
934 1753 1181 1858 dispositione,

165 1901 250 1962 sunt
274 1901 458 1981 nmquam
495 1875 632 1952 celiuiae
666 1874 861 1978 oblongae,
887 1874 1096 1979 proffindae.
1122 1878 1182 1950 Ea·

166 2006 251 2081 dem
276 2005 332 2079 sin
357 2000 485 2075 fortior
509 2001 604 2072 ratio
630 1994 735 2072 adest
765 1999 803 2070 in
841 2014 975 2072 astroen
996 1999 1182 2101 myrioph-

164 2128 323 2218 tircima5
345 2121 410 2198 sed
425 2120 575 2195 lamellae
593 2122 743 2194 internae
764 2117 865 2222 hujus
884 2137 1014 2196 astrea
1035 2123 1092 2195 vix
1108 2146 1183 2224 per·

166 2251 302 2354 spicuae
327 2264 427 2340 sunt3
446 2242 631 2344 stellaeque
646 2241 872 2344 prominulae‚
888 2259 999 2344 atque
1013 2241 1181 2319 echinatae

166 2389 263 2449 suni.

216 2495 348 2570 Nescio
375 2507 515 2587 tamen,
543 2519 710 2594 quanam
725 2519 832 2568 causa
854 2492 983 2568 ductus
1005 2493 1185 2570 Lantarci

167 2617 367 2719 scripserit,
384 2615 573 2716 agnovisse
585 2618 622 2688 in
636 2616 852 2717 nacdrepora
868 2623 1063 2708 muricem,
1084 2642 1187 2718 quam

168 2737 341 2812 habemus
367 2739 406 2808 in
429 2734 504 2829 54.ι
531 2736 675 2832 tabula,
693 2735 759 2811 sub
777 2736 879 2810 titulo
895 2740 932 2812 B
949 2735 1045 2839 apud
1060 2741 1187 2841 Esper,

168 2857 320 2962 figuram
341 2856 443 2958 hujus
459 2857 771 2959 myrioplztlcoimoe
790 2873 920 2935 astreoe
928 2893 943 2951 ,-
959 2886 1044 2933 nam
1061 2877 1135 2937 tam
1152 2884 1188 2935 ex

169 2979 375 3052 definitione
402 2981 513 3080 ipsius
535 2981 673 3081 Espcr‚
696 3006 803 3080 quam
826 3006 867 3054 ex
884 2979 1044 3082 ejusdem
1070 2999 1188 3058 ancto-

169 3103 218 3176 ris
241 3100 375 3201 figura,
397 3118 572 3202 apparet,
594 3129 668 3176 non
692 3102 787 3178 aliud
808 3101 895 3176 dum
916 3102 962 3176 de
983 3101 1050 3176 hac
1069 3106 1189 3205 specie

170 3223 313 3319 scribit,
335 3222 405 3297 sibi
424 3226 675 3325 proposuisse,
694 3250 802 3326 quam
819 3224 976 3326 singulas
992 3241 1103 3326 atque
1125 3253 1188 3329 po-

168 3347 280 3422 tiores
307 3347 496 3417 varietates
529 3370 611 3444 quae
646 3348 831 3446 pertinent
861 3346 908 3419 ad
933 3347 1187 3448 madreporcm

170 3474 404 3561 osurientem,
428 3466 621 3568 complecti
649 3466 895 3543 desiderasse:
922 3496 995 3542 non
1022 3468 1113 3544 adeo
1139 3469 1187 3543 fa·

172 3590 238 3664 cile
264 3606 318 3664 est
344 3587 590 3663 confusionem
623 3591 770 3692 gignere
797 3593 893 3664 inter
913 3616 1047 3693 genera
1074 3590 1187 3694 cujus·

169 3710 269 3786 modi
291 3729 375 3786 sunt
399 3729 528 3786 astroea
550 3729 658 3814 atque
683 3715 933 3815 madreporc,
959 3712 1045 3788 licet
1070 3731 1188 3788 exacta

171 3838 218 3910 sit
244 3837 396 3936 quaestio
435 3833 481 3907 ad
523 3833 736 3913 hodiernam
762 3836 991 3940 disciplinam
1016 3836 1183 3914 naturalis

171 3955 327 4038 historiae
354 3955 594 4060 partiendam.
