2716 4694
278 297 326 390 34

276 439 401 524 ptores
427 445 627 522 provocare
655 415 831 509 audeam3
859 433 982 489 tamen
1014 432 1142 489 notare
1172 414 1232 491 sas
1260 418 1303 492 sit

277 545 399 617 omnia
433 567 566 642 genera
600 556 799 612 memorata
829 537 916 611 nihil
942 537 1173 630 aliudesse,
1200 565 1303 640 quam

278 667 493 768 partitiones
521 688 604 761 qnae
627 666 831 758 gorgonias
858 659 1007 760 quidem
1033 663 1193 735 alliciunt
1205 718 1218 753 ‚
1244 660 1303 737 sed

273 792 312 861 in
339 813 399 861 eas
425 785 592 857 incidunt
617 783 944 858 indiscriminatim:
967 809 1053 856 sane
1075 786 1105 856 si
1132 783 1225 857 mibi
1250 783 1303 859 de·

272 924 539 984 monstraretur
559 905 732 1007 polypum
760 905 866 978 alium
894 932 988 1000 esse,
1015 906 1161 980 silerem
1177 905 1303 1008 procul

275 1031 402 1125 dubio,
429 1047 465 1102 et
490 1031 527 1100 in
551 1027 734 1101 fossilibus
757 1028 952 1130 polypariis
978 1028 1234 1129 investigando
1260 1046 1303 1103 te»

272 1178 374 1227 mere
397 1178 542 1254 agerem
566 1177 608 1224 ea
631 1149 895 1251 conjungendo,
909 1177 991 1250 quae
1014 1168 1142 1223 natura
1158 1153 1242 1253 ipsa
1257 1176 1304 1226 sc-

272 1274 400 1375 junxit3
418 1273 484 1347 sed
498 1300 580 1346 cum
598 1298 640 1344 ex
654 1274 862 1346 memoratis
885 1271 1125 1373 scriptoribus
1150 1276 1301 1347 ernerim

273 1395 440 1471 eumdem
452 1395 625 1498 polypum
637 1394 803 1466 omnibus
818 1420 1045 1467 communem
1059 1421 1139 1469 esse
1149 1394 1302 1471 inductis

275 1519 484 1621 generibus,
510 1518 808 1608 fundamentum,
834 1518 890 1589 cui
917 1534 972 1590 tot
1001 1519 1223 1619 partitiones
1250 1542 1301 1592 ex·

272 1644 437 1742 cogitatae
462 1643 683 1733 innitantur,
711 1637 867 1712 deficere
895 1637 1092 1712 contendo.

322 1763 453 1863 Neque
478 1762 537 1834 hic
563 1761 653 1833 illud
682 1763 862 1860 contingit
893 1760 992 1860 quod
1022 1764 1060 1833 in
1090 1764 1300 1858 artabatice,

278 1902 315 1959 et
340 1886 379 1957 in
415 1889 551 1958 eorull‘
586 1909 705 1976 3nam
744 1885 815 1956 axis
854 1882 1046 1984 peculiaris
1086 1883 1300 1986 dispositio,

273 2005 491 2108 polyporum
516 2006 659 2078 diversa
683 2003 849 2097 indoleS,
874 2004 1002 2078 saltem
1031 2029 1072 2078 ex
1104 2006 1301 2081 eorundem

275 2127 550 2222 alimentorum,
576 2145 685 2228 atque
712 2125 926 2228 digestionis
965 2129 1134 2220 ratione,
1169 2129 1301 2203 versari

273 2249 482 2357 discrimina
499 2253 536 2322 in
550 2255 742 2348 gorgonio?
758 2275 871 2350 genus
889 2248 1077 2322 evidenter
1092 2249 1299 2324 ostendunt.

273 2371 403 2472 Neque
435 2398 475 2445 ex
507 2377 593 2461 isis,
619 2371 675 2444 vel
712 2377 862 2444 melitem
902 2371 1075 2444 divisione
1116 2371 1299 2475 quidpiam

279 2492 408 2595 conjici
431 2521 539 2596 posse
562 2492 706 2567 adrem
728 2510 907 2588 nostram,
926 2510 1061 2586 crusta,
1081 2494 1229 2597 polypi,
1252 2493 1302 2569 vel

270 2618 340 2690 axis
366 2620 456 2690 ratio
479 2619 627 2719 patitur.

322 2739 453 2836 Neque
481 2741 588 2811 etiam
616 2755 846 2839 opponantur
867 2735 1076 2838 superficies
1101 2742 1297 2833 continuae,

273 2861 527 2960 prominentiae
549 2859 690 2952 effusae,
714 2859 834 2948 elatae,
849 2858 905 2932 vel
923 2885 1127 2959 squamosae
1147 2879 1185 2935 et
1201 2890 1299 2964 aper·

274 2997 355 3053 tura
375 2980 551 3079 praeditae,
573 2981 629 3052 vel
651 2978 885 3080 pyriformes,
909 2982 966 3053 vel
987 2980 1178 3083 dispositio
1202 2985 1298 3087 poly-

275 3127 423 3202 porum,
452 3101 509 3173 vel
540 3101 776 3203 papillarum,
807 3101 1114 3203 quemadmodum
1139 3107 1300 3180 innititur

274 3221 614 3320 Elarembergmam
636 3223 900 3297 considerando
926 3242 1056 3298 statum
1080 3227 1299 3326 peculiarem

275 3342 419 3445 cujusve
437 3352 643 3443 gorgonia,
660 3363 826 3440 aetatem,
845 3364 882 3419 et
902 3347 1021 3419 locum
1043 3348 1079 3418 in
1103 3374 1178 3447 quo
1196 3376 1299 3452 repe·

273 3469 417 3541 rinntur
439 3467 543 3541 facile
562 3467 825 3568 dignoscemns,
844 3469 898 3541 rel
916 3472 952 3540 in
970 3467 1068 3541 hisce
1086 3470 1300 3569 speciebus,

276 3615 357 3690 quae
380 3593 599 3664 constituunt
624 3608 821 3664 memorata
847 3617 980 3692 genera
994 3590 1126 3690 pluries
1149 3591 1300 3666 indictos

276 3708 499 3786 characteres
518 3711 663 3807 deesse,
681 3712 733 3785 vel
755 3715 791 3785 in
809 3712 971 3814 plurimis
995 3712 1063 3786 illis
1086 3713 1299 3814 speciebus,

276 3859 364 3935 quas
392 3832 505 3907 adhuc
532 3836 628 3907 inter
651 3842 852 3933 gorgonius
875 3837 1125 3931 retinuerunt,
1153 3835 1298 3927 adesse,

276 3957 417 4061 quaein
447 3955 624 4058 aliquibus
657 3958 864 4031 memoratis
903 3955 1096 4059 generibus
1134 3982 1298 4060 compre·
