2716 4694
1045 311 1093 386 33

56 431 209 506 munitae
237 444 321 505 sunt
345 427 513 532 papillis,
540 452 705 530 quasque
725 431 945 505 Lamoroux
961 430 1018 530 (1)
1031 458 1095 534 pu·

57 549 807 654 tabatadcorporapoiyporumportinere3
827 550 894 624 alia
912 551 1095 627 distinctio

53 679 259 774 gorgonias
279 671 426 747 exhibet
441 675 576 748 cortice
594 678 651 748 vix
668 673 859 748 observatu
882 673 1001 774 digna,
1015 676 1096 748 sim·

59 797 198 900 plices,
225 798 420 899 pinnatae,
446 822 633 888 ramosas,
655 814 716 870 aut
741 795 955 870 articulatas.

110 920 155 992 In
172 919 287 1020 priori
310 917 484 991 divisione
502 944 653 992 cernere
687 934 742 993 est
757 925 958 1021 plexauroe
980 943 1093 1020 genus

63 1067 86 1114 a
111 1043 337 1115 Lamoroux
362 1038 563 1128 inductum,
589 1041 654 1140 qui
678 1041 716 1112 in
729 1045 921 1138 gorgonia
948 1038 1096 1143 dispeu-

62 1160 166 1234 dium
188 1162 348 1262 quinque
371 1185 506 1260 genera
527 1186 749 1263 componere
771 1159 916 1234 studuit.
932 1161 1096 1236 Primum

59 1281 175 1356 habet
196 1308 295 1357 axem
317 1281 585 1384 ‹eylindraceum
603 1300 639 1356 et
651 1300 853 1357 cretaoeam
865 1301 1022 1358 crustam
1040 1311 1095 1359 ex·

59 1406 271 1479 siccationis
294 1429 365 1505 ope
387 1420 545 1499 tenuem,
563 1421 624 1477 aut
644 1403 923 1499 tuberculosamj
946 1409 1093 1479 tertium

62 1525 225 1600 ostendit
250 1551 351 1599 axem
376 1523 615 1627 depressum,
644 1542 681 1600 et
706 1542 849 1628 partem
888 1527 1095 1602 corticalem

61 1647 327 1750 subporosam,
354 1663 391 1720 at
416 1645 490 1747 ejus
512 1646 621 1721 iacies
643 1649 789 1719 minime
811 1645 999 1748 conjuncta
1022 1665 1092 1742 est,

61 1798 84 1842 a
112 1796 185 1870 qua
207 1771 314 1842 unice
338 1768 496 1842 differta
518 1768 676 1842 secunda
698 1768 890 1864 divisione,
916 1767 982 1842 sed
1008 1796 1095 1871 pro-

64 1892 259 1965 minentias
286 1889 428 1964 exhibet
450 1889 646 1992 dispersas.
668 1892 843 1984 Quartum
864 1916 977 1992 genus
1005 1918 1096 1993 prae-

63 2012 180 2086 ditum
206 2039 272 2086 axe
298 2011 523 2113 cylindraceo
550 2030 692 2115 partem
714 2013 923 2088 corticaiem
960 2017 1103 2091 crassi.

64 2137 117 2209 tie
152 2133 317 2208 mediana
353 2132 518 2227 exhibet3
545 2133 682 2208 cellulae
719 2133 961 2237 prominulae,
989 2162 1094 2238 squa-

62 2283 193 2352 mosas,
206 2255 329 2351 elata,
342 2272 380 2329 et
401 2272 608 2358 aperturam
630 2255 799 2358 praebent
820 2255 1094 2359 syderiiormem

64 2395 149 2453 octo
177 2376 288 2452 radiis
315 2380 502 2479 signatam.
522 2379 564 2449 In
588 2381 714 2479 quinto
742 2378 870 2450 ordine
896 2403 937 2450 ex
961 2378 1095 2452 laudati

61 2503 284 2575 Lamoroux
310 2499 475 2573 doctrina
499 2501 645 2572 veniunt
669 2498 805 2572 cellulae
828 2497 1005 2600 elongatae
1028 2525 1094 2600 py-

61 2621 252 2714 risormes‚
282 2646 505 2722 squamosae3
531 2619 629 2694 hisce
664 2626 855 2718 gorgonio
865 2676 880 2710 ‚
907 2626 1095 2711 euniceoe,

55 2751 278 2847 plexaurae,
294 2750 494 2845 primnooe,
510 2747 679 2816 muriceoe
701 2743 847 2815 nomina
867 2742 1011 2816 addixit.

116 2867 314 2964 Gorgonioe
343 2864 523 2938 distinctio
555 2889 674 2965 nuper
706 2881 904 2937 memorata
933 2889 1006 2938 non
1038 2861 1094 2939 di·

62 2985 213 3091 splicuit
230 2990 436 3075 Blainrilie,
448 3011 568 3088 neque
581 2984 826 3083 Ehremberg,
839 3013 907 3060 neo
925 2987 994 3087 ipsi
1011 2990 1096 3061 Mil·

61 3110 328 3197 rae-Edwards,
353 3125 393 3182 ut
411 3134 486 3181 non
508 3107 661 3180 obscure
676 3106 813 3181 indicat
825 3106 869 3180 ad
884 3111 1097 3182 Lamarcttt

62 3248 191 3307 notas:
219 3232 407 3331 quinimo
434 3256 567 3303 novum
599 3227 805 3328 adjunctum
838 3256 951 3329 genus
985 3255 1094 3330 repe-

65 3354 179 3427 rimus
213 3351 259 3424 ab
296 3351 526 3450 Ekremberg
559 3350 731 3422 vocabulo
770 3354 1020 3452 pterogorgioe
1054 3374 1096 3424 ex

62 3473 225 3576 regulari
249 3472 465 3574 polyporum
490 3471 729 3572 dispositione
756 3471 963 3544 deductum.

115 3594 201 3670 Non
225 3597 256 3667 is
283 3619 351 3696 ego
378 3619 480 3687 sum,
509 3595 573 3693 qui
606 3608 659 3665 tot
689 3594 779 3666 tanti
811 3593 966 3668 nominis
1005 3592 1094 3668 scri-

91 3803 137 3875 (1)
153 3805 314 3857 Lamoroux.
333 3804 426 3872 Polyp.
447 3805 544 3858 flexibl.
564 3804 651 3856 Paris.
673 3804 746 3858 1816.

147 3891 301 3944 Btainvtlte.
318 3891 429 3946 Manuel
446 3893 575 3957 d’actin.,
593 3909 654 3963 pag.
674 3893 733 3945 500.

148 3978 324 4051 Ebrembarg.
341 3980 433 4050 Polyp.
454 3981 521 4035 mur.¹
538 3980 629 4047 rubri,
647 3998 707 4051 pag.
729 3980 784 4033 130.
