2724 4688
169 330 234 379 ion

209 427 293 499 Mea
318 421 473 523 deniqne
485 422 607 525 opinio
633 436 763 523 sponte
779 417 924 495 fluiter
937 419 1006 512 iis,
1034 446 1116 521 quae
1135 417 1177 493 de

160 551 298 621 astroeis
311 544 530 637 afferuntur;
546 568 630 617 nam
651 558 782 616 astraea
799 542 982 639 Borgueti
995 557 1035 615 et
1048 557 1179 616 astroea

160 674 330 759 stellata,
348 691 437 765 quas
463 691 537 738 non
561 667 685 765 inepte
708 666 788 763 quis
816 661 1071 766 conjungeret,
1086 688 1180 737 vere

161 806 246 865 sunt
262 792 472 878 sarcirmloe3
498 811 566 860 nec
583 812 675 859 nnus
697 784 901 888 inance,
925 786 989 886 qui
1015 802 1180 861 astrmam

160 915 346 985 astroitem
369 932 491 981 veram
515 914 739 981 summulam
764 932 844 982 esse
873 905 1029 1000 fatetur,
1055 905 1124 983 sed
1147 922 1182 981 et

162 1035 199 1105 in
220 1030 289 1104 hoc
310 1053 422 1103 censu
446 1045 587 1130 ponunt
609 1045 779 1103 ustroeam
803 1034 1005 1103 uleuticon.

210 1152 295 1227 Non
318 1152 349 1226 is
381 1168 502 1227 tamen
538 1175 646 1245 sum,
680 1152 744 1251 qui
769 1167 894 1254 putem
926 1175 1059 1253 reapse
1088 1152 1183 1225 iuter

156 1290 354 1349 memorata
367 1300 522 1375 genera,
540 1271 791 1347 distinctiones
811 1273 978 1367 eximias,
1003 1290 1043 1347 et
1058 1271 1180 1375 plures

158 1395 311 1491 adesse,
337 1398 387 1469 ita
412 1412 453 1469 ut
476 1410 645 1470 astruam
661 1422 682 1467 a
701 1399 890 1468 sarcinula
912 1410 990 1469 toto
1010 1393 1103 1469 caelo
1124 1393 1182 1468 ab·

162 1520 236 1592 sit:
270 1520 433 1593 novimus
459 1518 582 1611 enim,
608 1516 763 1619 plurima
795 1515 932 1590 eisdem
958 1518 1183 1613 convenire,

164 1640 286 1743 quoad
307 1641 489 1715 stellarum
512 1639 804 1741 dispositionem,
825 1636 1010 1732 ordinem,
1038 1656 1183 1735 centra,

165 1761 286 1864 quoad
311 1786 506 1864 supernam
529 1759 690 1853 suciem;
716 1760 783 1835 sed
821 1786 933 1861 quum
968 1785 1092 1863 neque
1117 1787 1184 1863 per

166 1911 208 1958 ea
225 1887 277 1959 ire
290 1884 395 1957 liceat
406 1939 417 1975 ,
439 1884 509 1955 nisi
535 1881 694 1983 alioquin
715 1884 835 1957 omnia
855 1881 1041 1986 polyparia
1062 1882 1183 1958 lamel-

165 2005 266 2078 lifera
292 2003 574 2098 confundamus,
613 2006 663 2078 ita
687 2022 728 2078 ut
752 2030 820 2079 nec
846 2006 1089 2094 neandrum,
1114 2031 1184 2081 nec

165 2128 451 2215 monticularia,
475 2152 545 2199 nec
569 2133 811 2220 montilvatiu,
838 2154 1012 2229 generum
1037 2125 1184 2202 firmita-

167 2267 242 2325 tem
267 2248 578 2351 adipiscerentur,
604 2248 891 2323 conciudendnm
913 2265 992 2342 est,
1013 2248 1100 2325 licet
1123 2248 1185 2323 fir-

166 2374 283 2445 miora
308 2369 501 2445 deficiant:
538 2369 665 2444 saltem
691 2395 733 2444 ea
747 2373 864 2445 omnia
890 2372 1019 2448 adesse
1045 2375 1084 2446 in
1103 2400 1183 2450 sar·

168 2501 318 2584 cinola,
346 2521 499 2596 quorum
531 2496 566 2567 vi
601 2510 733 2566 caetera
759 2520 892 2595 genera
914 2494 1184 2598 polypariorum

168 2615 317 2689 lamellis
344 2616 576 2718 praeditorum
603 2614 808 2689 subsistant.

219 2736 352 2808 Tubuli
370 2756 487 2809 autem
510 2752 592 2809 sunt
613 2737 797 2811 verticnles
816 2738 851 2809 in
868 2742 1078 2833 sarcinulis,
1092 2738 1185 2814 idest

170 2881 190 2929 e
215 2854 295 2929 basi
320 2856 527 2957 prodeunt,
565 2883 639 2930 non
666 2883 914 2950 communem,
941 2858 1006 2932 sed
1032 2859 1185 2962 cujusvis

169 2975 281 3049 tubuli
308 2981 531 3079 propriam,
563 2983 773 3080 rectumque
811 2979 926 3053 ferme
951 2979 1083 3055 lineam
1109 3010 1185 3059 ser·

164 3115 276 3192 rant,
302 3116 480 3199 praeterea
512 3099 624 3173 tubuli
646 3105 828 3204 aggregati
863 3122 954 3179 sunt.
982 3107 1026 3178 In
1052 3107 1185 3182 tubulis

169 3217 235 3290 alia
268 3220 526 3293 consideranda
564 3241 784 3315 occurrunt,
820 3227 988 3300 nimirum
1016 3253 1184 3302 numerus

167 3338 436 3434 fasciculorum,
459 3369 548 3442 qnos
572 3365 817 3444 componunt,
835 3365 1014 3423 eteorum
1031 3352 1187 3426 invicem

167 3460 374 3535 tubulorum
400 3467 591 3537 connexio:
618 3483 727 3565 atque
754 3471 789 3541 in
816 3473 940 3572 primis
968 3490 1107 3546 certum
1133 3489 1187 3546 est

168 3581 341 3683 plurimos
357 3584 483 3659 adesse
501 3585 641 3660 tubulos
658 3597 852 3666 sarcinulas
868 3596 943 3668 sive
957 3596 1099 3683 minuti,
1114 3597 1187 3670 sive

167 3706 279 3777 crassi
305 3708 393 3799 sint3
420 3707 548 3782 itidem
570 3728 710 3785 certum
736 3714 1038 3790 estsasciculatim
1061 3744 1186 3820 aggre-

169 3842 269 3926 gatos
296 3831 467 3930 reperiri,
496 3857 575 3932 quae
603 3833 672 3908 dno
699 3837 890 3912 tabulariis
918 3855 955 3912 et
965 3837 1186 3940 savositibus

168 3954 370 4024 eommunia
396 3969 506 4050 sunt,
542 3958 626 4030 item
661 3965 800 4058 stylitem
827 3963 976 4035 maxime
1014 3961 1082 4037 sub
1117 3961 1185 4037 hoe
