2716 4694
509 437 843 518 CORALLIUM

390 731 575 802 noccontt,
609 729 779 801 mensim,
815 727 956 780 noum.

164 940 366 1057 Polrparium
381 968 503 1054 fixum,
523 968 762 1050 dendroideum,
778 971 1023 1048 inarticulatum,
1041 967 1186 1052 rigidum.

166 1079 245 1141 Axis
258 1077 436 1154 caulesccns,
447 1096 596 1151 ramosus,
605 1076 743 1160 lapideus
756 1076 1188 1154 solidusstratis,conccntricis

202 1184 397 1266 compositus,
419 1180 465 1242 acl
483 1180 669 1266 superficiem
691 1179 954 1264 longitudinalitcr
974 1183 1110 1242 striatas.

168 1288 279 1350 Crustu
300 1288 451 1348 corticalis
472 1288 503 1346 in
523 1289 594 1347 vivo
623 1287 742 1365 mollis,
767 1306 913 1365 ramosa,
935 1283 1116 1369 polypisera
1126 1311 1140 1355 ,·
1160 1286 1191 1345 in

202 1395 279 1454 sicco
300 1390 462 1473 indurata,
479 1411 611 1477 porosa,·
631 1391 750 1454 duobus
769 1394 872 1454 stratis
892 1404 1048 1471 constans,
1068 1392 1188 1452 cellulis

202 1500 324 1583 sparsis.

167 1603 198 1666 T
194 1605 340 1665 eutoculis
361 1602 555 1690 Spinnatis,
581 1603 678 1682 albis,
701 1603 841 1663 interiori
868 1603 974 1664 canali
998 1600 1140 1686 proeditis
1159 1610 1191 1664 ct

202 1707 248 1769 ad
261 1729 295 1771 os
311 1709 501 1795 polyporum
513 1707 718 1790 radiantibus,
732 1708 858 1779 conicis,·
872 1709 987 1769 ovnriis
1000 1708 1137 1770 internis.

213 1896 245 1969 A
260 1903 461 1971 sertulariis
476 1896 626 2000 gradum
640 1924 734 1971 nunc
744 1895 913 1971 sociamus
925 1894 971 1969 ad
981 1902 1185 1992 corallium,

164 2018 261 2121 cujus
280 2020 424 2121 quidem
447 2021 502 2093 sin
529 2021 844 2120 investigationem
866 2018 1010 2114 saltem,
1028 2022 1186 2122 pretinm

164 2143 345 2242 cognitum
371 2140 502 2241 jamdiu
528 2143 701 2214 novimus.

214 2263 267 2333 Re
285 2263 481 2335 enimvero
500 2280 634 2364 praeter
650 2264 882 2336 Aristotelem
902 2280 1079 2336 memorat
1100 2262 1187 2337 illud

166 2385 311 2458 Ouidius
338 2384 418 2484 (1),
444 2410 511 2457 nec
538 2410 608 2455 non
634 2385 776 2457 Plinius
802 2386 838 2456 in
866 2381 1010 2456 historia
1037 2385 1189 2482 mundi,

166 2525 201 2581 et
220 2510 314 2580 inter
326 2509 546 2582 recentiores
562 2509 768 2598 Conrodus,
783 2509 1185 2599 Gesner,Aldrouandi.·

164 2630 423 2729 posterioribus
451 2629 673 2730 temporibus
699 2630 886 2720 Boccone,
912 2633 1069 2721 Marcili,
1098 2658 1182 2706 ocu-

164 2749 255 2822 latus
282 2753 438 2844 Donati,
463 2768 503 2822 ut
523 2753 667 2824 Linncei
687 2751 805 2824 verbis
828 2768 924 2845 utar,
946 2753 1092 2841 Pullos,
1115 2755 1184 2826 Ca·

164 2877 304 2966 molini,
332 2872 546 2967 Bluinville,
572 2875 909 2963 Mune-Edwards,
935 2874 1187 2976 Eltrembcrg,

164 2992 296 3093 aliique
323 2992 424 3092 hujus
452 2996 594 3094 generis
626 2997 932 3097 investigationem
965 2997 1091 3070 sedulo
1125 3025 1211 3072 su-·

163 3114 475 3214 scepev·11nt.Talis
499 3133 616 3189 nutem
639 3116 853 3219 esthnjusee
872 3121 1053 3220 polyparii
1071 3119 1182 3215 color,

162 3235 320 3329 indoles,
342 3255 381 3310 ut
402 3237 522 3311 usibus
546 3238 763 3338 quotidianis
787 3242 891 3334 artis,
909 3244 1183 3342 ornamentique

163 3386 268 3435 ceusu
296 3362 465 3434 inserviat
490 3361 569 3459 (2):
597 3363 668 3435 imo
700 3365 808 3435 etiam
840 3362 1184 3438 medicamentorum

160 3482 275 3555 vicem
301 3480 464 3579 obtinet,
490 3485 543 3556 uti
570 3500 606 3557 et
627 3501 766 3559 veteres
789 3483 899 3586 aliqui
921 3487 996 3586 (3),
1018 3504 1056 3561 et
1077 3485 1186 3561 hodie

184 3738 227 3811 (ι)
247 3739 321 3794 Ouid.
340 3740 445 3794 Metam.
465 3742 545 3794 Libro
564 3741 595 3810 vl}
612 3755 639 3794 et
658 3745 696 3796 15.

183 3827 226 3898 (α)
242 3827 360 3880 Diasion.
379 3828 465 3881 uckn.
484 3832 528 3882 des
545 3840 599 3882 nris
616 3840 642 3883 ct
659 3833 771 3884 me'tiers.
792 3835 821 3885 T
817 3851 866 3886 orn.
885 3834 920 3898 6,
936 3852 998 3904 pag.
1018 3835 1058 3887 ιθ.

183 3914 227 3987 (3)
247 3918 331 3968 Vater
350 3916 445 3968 Cltrist.
462 3918 503 3970 De
520 3919 626 3971 corallis
643 3929 697 3972 nat.
714 3938 795 3989 praep.
813 3929 839 3972 et
856 3922 955 3974 usibus.

241 4005 423 4061 Garinciores.
440 4005 486 4062 On
503 4008 547 4062 the
564 4007 663 4065 virtues
680 4010 732 4063 ond
748 4009 826 4063 diets-
838 4010 869 4062 of
882 4010 926 4062 the
943 4009 1039 4062 curali.
