2716 4694
258 289 309 383 46

254 410 378 512 plures
415 407 556 481 laminae
593 404 745 479 radiales
782 407 820 479 in
859 431 903 480 ea
941 406 1069 481 adsint.
1097 408 1206 500 Quod
1241 435 1282 486 ex

255 530 544 606 consideratione
574 531 735 602 omnium
761 527 1050 630 polypariorum,
1072 558 1156 633 quae
1180 531 1285 607 cellu-

254 654 307 728 las
349 651 473 754 plures
508 648 676 723 adhunc
718 648 865 723 modum
892 649 1061 725 exhibent
1098 670 1285 728 ettamen

255 804 367 851 unum
382 791 516 849 tantum
532 775 703 875 polypum
716 776 915 868 continent,
929 773 1187 875 profluit.Haec
1201 802 1286 852 sane

255 927 330 974 non
350 924 441 970 nova
463 897 683 994 caeteroquin
704 895 881 969 sentiendi
904 899 996 970 ratio
1019 923 1144 973 omnes
1170 898 1285 974 ferme

254 1017 575 1123 Zooplzytlzologioe
597 1017 752 1093 cultores
779 1016 903 1092 habuit
924 1035 1134 1094 sectatores.
1156 1020 1285 1124 Nuper

255 1164 376 1221 tamen
405 1143 545 1216 diverse
577 1142 690 1213 sensit
721 1144 948 1241 germanicus
976 1142 1185 1241 Steinioger
1210 1145 1282 1245 (1),

255 1271 317 1371 qui
353 1267 474 1368 posuit
508 1290 621 1336 unum
659 1261 789 1336 animal
831 1266 871 1336 in
907 1266 1078 1365 primaeva
1119 1265 1283 1339 turbino-

253 1390 301 1463 lia
327 1405 455 1482 aetate,
482 1413 524 1459 ea
551 1404 672 1458 tamen
697 1382 778 1484 lege
801 1384 989 1483 affectum,
1009 1404 1049 1459 ut
1070 1386 1178 1488 paulo
1201 1405 1284 1489 post

255 1537 298 1587 ex
323 1512 405 1612 ipso
432 1528 508 1584 met
533 1510 666 1612 polypo
695 1507 814 1609 proles
842 1526 1074 1603 nasceretur,
1102 1536 1184 1611 quae
1214 1538 1284 1583 ma-

256 1637 304 1709 tri
331 1631 520 1734 conjuncta
548 1659 638 1735 opus
678 1659 761 1706 cum
793 1658 834 1704 ea
861 1631 1092 1734 compleret,
1117 1632 1282 1707 turbino-

253 1762 342 1830 liam
366 1752 606 1844 conficerent,
630 1753 822 1854 eidemque
849 1779 929 1826 eam
955 1753 1108 1826 formam
1135 1753 1280 1856 praebe·

256 1895 340 1952 rent
366 1903 475 1977 quam
494 1874 654 1976 quotidie
671 1875 716 1948 ab
739 1875 867 1949 eadem
890 1893 1089 1949 assecutam
1108 1881 1282 1952 novimus.

305 2000 401 2091 Quin
423 1999 526 2071 citius
550 2023 660 2098 quam
681 2026 749 2100 par
771 2015 843 2093 est,
862 1996 953 2071 hanc
971 2000 1183 2100 opinionem
1200 1976 1282 2100 reji-

256 2123 418 2214 ciamus,
441 2117 581 2220 juvabit
608 2117 684 2220 ejus
718 2122 831 2220 gratia
858 2146 1056 2222 provocare
1093 2122 1283 2223 investiga·

256 2245 393 2316 tionem
409 2241 455 2313 ad
471 2243 728 2344 mudreporam
749 2240 1105 2343 myrioplztlzalmom,
1128 2268 1213 2342 quae
1235 2245 1282 2317 ita

255 2382 311 2440 est
332 2363 532 2466 implicata,
554 2382 590 2437 et
612 2363 779 2437 obvoluta
801 2381 841 2437 ut
866 2363 1078 2464 perdifficile
1105 2367 1212 2437 sitin
1241 2391 1282 2438 ea

256 2486 346 2589 quid
383 2503 576 2561 concurrat
608 2513 811 2560 secernere.
845 2485 958 2560 Nobis
987 2503 1106 2558 autem
1133 2513 1216 2559 cum
1241 2485 1282 2559 li·

256 2627 337 2683 ceat
362 2627 499 2683 sectam
524 2609 760 2683 turbinoliam
793 2607 1013 2700 observare,
1040 2635 1122 2680 cum
1154 2635 1283 2709 σαψ

248 2730 403 2832 ρΙιγίίίἰε
431 2730 625 2831 colligere,
652 2731 792 2804 duobus
822 2733 1042 2831 argumentis
1076 2729 1170 2803 hanc
1206 2734 1283 2832 opi-

258 2855 407 2925 nionem
449 2850 635 2926 infirmare
677 2853 938 2925 contendimus
966 2855 1008 2924 In
1049 2855 1177 2953 primis
1206 2853 1282 2929 haec

254 2975 492 3074 praesumptio
521 2976 682 3046 efficeret
715 2989 755 3046 ut
787 2972 909 3075 polypi
934 2974 1140 3048 turbinoliae
1173 2993 1284 3049 tenta·

256 3093 344 3168 culis
372 3114 562 3189 carerent3
591 3112 628 3169 et
658 3094 856 3170 tentaculos
883 3122 1014 3197 reapse
1052 3099 1087 3169 in
1118 3099 1282 3174 turbino-

254 3222 314 3289 tiis
351 3218 507 3318 reperiri
546 3216 671 3290 relatio
710 3245 792 3290 cum
818 3218 1101 3321 curyopltylliiS,
1127 3227 1282 3309 astruit,

256 3337 409 3439 aliisque
432 3337 628 3440 generibus
647 3337 790 3411 abunde
804 3339 956 3439 probat,
979 3341 1283 3440 quemadmodum

255 3479 390 3536 nostrae
418 3463 531 3535 aetatis
565 3463 725 3562 insignes
758 3477 877 3533 nautae
913 3462 1072 3536 tulerunt
1095 3465 1165 3564 (α).
1192 3467 1280 3539 Haec

255 3581 383 3655 relatio
411 3599 484 3656 tota
510 3600 644 3683 quanta
671 3601 790 3660 estex
813 3588 1016 3663 turbiuolioe
1042 3586 1195 3661 naturali
1227 3566 1280 3660 dt·

264 3893 306 3965 (1)
323 3894 403 3948 Mem.
422 3892 455 3946 de
471 3892 498 3946 la
514 3896 603 3949 socic't.
623 3897 721 3966 geolog.
740 3898 773 3950 de
789 3897 900 3950 Franco.
921 3908 980 3949 tom.
1000 3915 1014 3948 a
1032 3916 1093 3968 pag.
1113 3916 1140 3954 α,

262 3983 306 4056 (α)
323 3985 422 4056 Voyaq.
441 3983 474 4037 de
490 3982 643 4039 l'Astrolab.
660 3994 725 4040 tom.
743 3988 760 4041 8
778 3995 827 4040 aot.
849 3990 929 4057 Quoy
945 3994 972 4040 et
990 3987 1128 4040 Gaimard.
