2716 4694
237 340 262 414 6

236 487 314 537 mus
323 519 334 554 ,
350 487 503 561 quorum
523 461 622 561 origo
639 463 789 546 incerta,
803 487 844 532 ac
861 461 1039 561 incognita
1056 463 1262 535 necessario

235 609 382 656 manere
409 582 544 675 debet;
570 585 775 656 necessario
802 582 981 682 siquidem
1008 582 1263 657 deducendum

235 731 277 777 ex
311 707 530 779 deductione
557 703 673 792 foret,
700 701 799 804 quod
832 703 988 804 alioquin
1020 703 1261 780 similitudinis

234 806 349 901 causa
368 826 532 898 obtinere
558 851 761 928 possumus.
1223 803 1227 814 Ι

282 950 387 1021 Hanc
411 945 526 1020 ferme
553 950 645 1022 viam
670 949 881 1020 monstravit
907 949 1176 1022 recentissimus
1206 964 1260 1022 te·

232 1089 434 1143 staceorum
455 1069 649 1143 illustrator
674 1069 889 1169 Deshayes,
917 1071 978 1169 qui
1004 1072 1099 1142 inter
1125 1087 1261 1143 caetera

232 1191 278 1264 ad
301 1191 494 1292 cythereae
524 1208 646 1266 notat:
684 1219 702 1258 u
729 1192 769 1261 Si
800 1215 933 1290 genera
965 1189 1011 1264 ad
1040 1189 1078 1263 id
1110 1218 1259 1292 compu-

233 1345 249 1385 u
273 1333 422 1408 rantur,
446 1330 486 1388 ut
510 1315 692 1386 memoriae
718 1311 879 1413 juvandae
907 1340 1014 1387 causa
1039 1315 1260 1406 inserviant;

232 1468 249 1509 u
271 1436 332 1508 ubi
359 1437 432 1508 veri
460 1434 685 1508 characteres
709 1433 900 1528 deficiant,
926 1435 1055 1508 nullius
1082 1437 1260 1513 momenti

232 1589 250 1628 u
272 1557 516 1644 distinctiones
541 1583 582 1630 ex
602 1555 670 1629 hac
686 1558 792 1629 unica
808 1583 914 1630 causa
932 1555 1055 1630 ductas
1072 1555 1258 1630 habendas

231 1711 249 1751 u
272 1705 378 1753 esse:
405 1710 423 1751 u
455 1675 554 1778 quod
579 1681 616 1750 in
644 1680 926 1751 controversiam
953 1677 1082 1751 deduci
1108 1681 1258 1779 nequit3

231 1793 462 1901 ignorabatur
487 1826 518 1872 v.
546 1827 580 1900 g.
604 1826 648 1870 an
669 1805 874 1880 serratoriae
896 1799 1051 1902 polypus
1073 1802 1188 1902 magis
1211 1825 1258 1874 no

232 1924 452 2023 compositus
493 1917 609 2014 esset,
647 1948 689 1994 ac
735 1920 888 2027 polypus
913 1926 1149 2022 coerioporoe,
1177 1922 1258 2021 ideo

229 2043 317 2115 falso
350 2069 392 2114 ex
423 2046 527 2114 unica
560 2045 710 2114 materia
743 2042 1014 2144 polypariorum
1049 2042 1257 2118 deduximus

231 2165 471 2266 posteriorem
489 2163 659 2266 polypum
676 2167 796 2267 priore
817 2163 1073 2271 simpliciorem
1089 2163 1256 2266 praebere

229 2304 404 2358 naturam.

280 2409 499 2481 Gravissima
521 2406 637 2480 adhuc
660 2409 812 2509 quaestio
838 2405 935 2509 apud
953 2407 1256 2509 Zoophytologt'oe

230 2529 385 2603 cultores
409 2532 523 2602 oritur
544 2529 590 2602 de
613 2532 748 2630 origine
770 2531 884 2632 ipsius
909 2529 1108 2631 polyparii3
1130 2527 1197 2604 hac
1219 2532 1256 2604 iu

229 2681 270 2724 re
307 2650 457 2753 putabat
481 2653 682 2744 motareis,
709 2650 1015 2751 quemadmodum
1039 2648 1255 2753 jampridem

231 2776 396 2846 Carolini
412 2773 470 2869 (ι)
486 2771 571 2844 licet
593 2771 765 2844 adnexum
787 2773 1012 2872 polyparium
1033 2772 1167 2874 polypo
1189 2777 1254 2864 sit,

114 2989 119 2995 ι
229 2911 348 2966 tamen
374 2891 460 2964 nihil
491 2919 679 2965 commune
707 2920 788 2965 cum
815 2919 857 2967 eo
890 2892 1051 2987 habere,
1078 2912 1187 2994 atque
1213 2920 1256 2969 ex

228 3018 506 3090 transadatione
529 3018 640 3088 instar
668 3032 906 3088 testaceorum
929 3034 1119 3110 constare,
1139 3019 1190 3097 utl
1218 3034 1255 3092 et

228 3139 401 3213 Linnoeus
427 3139 505 3238 ipse
541 3135 695 3209 docebat
721 3137 804 3235 (2),
836 3136 931 3210 unde
961 3164 1029 3238 per
1061 3140 1155 3211 intus
1193 3165 1252 3212 su·

229 3262 475 3360 sceptionem,
510 3260 613 3331 sicuti
640 3261 774 3333 Cuoier·
804 3260 842 3332 in
869 3263 1018 3363 egregio
1045 3285 1109 3333 suo
1138 3286 1250 3361 opere

228 3382 420 3474 (Tableuu
443 3383 543 3455 e'le'm.
565 3378 679 3456 clkist.
705 3396 800 3470 nat,
826 3410 908 3485 pag.
935 3383 1017 3482 66)
1042 3380 1250 3479 sentiebat,

230 3530 378 3576 m1n1me
406 3529 580 3576 crescere.

276 3625 411 3698 Nostra
440 3623 507 3696 hac
547 3642 649 3699 aetate
680 3627 838 3728 insigues
871 3629 1001 3700 virtute
1034 3629 1129 3703 viros
1163 3654 1249 3702 con·

249 3904 395 3975 (1)Polipi
413 3908 440 3959 di
458 3926 536 3960 mare.
556 3908 634 3961 Mem.
654 3909 699 3961 cit.
718 3927 775 3977 pag.
795 3909 828 3976 40
845 3916 871 3960 et
887 3927 944 3977 pag.
963 3908 1004 3960 56.

242 3993 290 4065 (al
308 3995 387 4053 Mem.
405 3995 530 4051 Academ.
549 4006 617 4050 auct.
640 3999 660 4049 C
687 3999 786 4065 Lino,
805 4015 865 4054 anu.
887 4015 968 4069 ³7¹⁰=
986 4014 1043 4067 pag.
1062 3995 1120 4071 477·
