2716 4694
261 297 305 372 16

251 421 433 520 positione
458 419 629 493 innixum.
647 416 788 497 Placuit
807 420 958 523 iusuper
983 419 1112 509 eodem
1137 443 1181 498 ex
1203 442 1279 499 ser·

249 549 392 618 tulariae
418 568 552 645 genere
574 569 703 616 novam
718 541 899 638 familiam,
918 542 1205 649 divisionemque
1221 546 1279 621 in·

231 663 412 760 ducere,
438 667 673 739 Sertularioea
700 664 813 740 semel
838 681 947 766 atque
973 667 1104 740 iterum
1128 666 1291 751 nomino

246 785 420 880 indicata,
443 785 543 889 cujus
563 785 787 861 characteres
804 788 841 860 in
863 813 907 861 co
924 788 1154 889 potissimum
1171 814 1279 892 repo·

246 934 335 982 nere
346 909 480 998 maluit,
490 909 589 1011 quod
605 934 737 1011 corpus
751 907 878 1011 polypi
896 935 1069 984 corneum
1081 907 1280 1013 impleam

248 1027 409 1124 exbibet,
431 1029 608 1130 liquorem
628 1046 728 1104 motu
743 1029 948 1132 praeditum,
964 1033 1101 1132 quique
1122 1032 1161 1104 in
1178 1034 1279 1106 omni

247 1150 383 1252 polypo
398 1154 638 1247 continuatur,
651 1151 826 1227 ostendat.
835 1153 878 1226 In
891 1151 1017 1227 ordine
1030 1169 1279 1256 autem‚quem

245 1275 389 1367 statuit,
415 1271 508 1347 banc
531 1272 657 1347 tribuit
671 1279 875 1349 senatoriis
890 1272 1156 1370 definitionem,
1172 1292 1215 1350 ut
1230 1277 1278 1351 sit

245 1395 473 1498 polyparium
499 1423 690 1489 corneum,
718 1422 817 1498 saepe
842 1394 1057 1492 flexuosum,
1083 1413 1194 1498 atque
1221 1425 1278 1471 ra-

247 1514 385 1592 dicibus
413 1515 639 1592 filiformibus
667 1516 868 1609 addictum3
890 1535 930 1590 ut
951 1517 1089 1592 cattutae
1109 1518 1276 1616 sessiles,

245 1639 439 1729 urceolatae
475 1641 566 1734 sint,
592 1657 700 1740 atque
734 1638 870 1712 binubo
898 1638 1044 1741 oblique
1072 1638 1275 1742 dispositae.

245 1761 421 1864 Polypum
443 1759 527 1834 dixit
548 1759 805 1863 hytlriformem
831 1760 1018 1835 tentaculis
1046 1762 1174 1837 ciliatis
1201 1790 1277 1836 mu·

246 1884 373 1957 nitum.
413 1883 595 1956 Caeterum
629 1907 818 1982 quousque
848 1881 975 1956 molius
1013 1909 1275 1984 cognoscamus

244 2003 316 2078 boc
343 2030 479 2106 genus,
507 2030 565 2078 eas
593 2020 731 2078 tantum
757 2005 901 2107 species
933 2007 1029 2078 inter
1057 2012 1275 2081 cartularius

244 2127 529 2219 recensebimus,
547 2153 629 2227 quoe
651 2153 750 2200 axem
772 2125 996 2228 perforatum
1017 2125 1195 2203 exhibent.
1217 2130 1275 2202 Ea

247 2249 403 2350 denique
429 2249 533 2323 nobis
562 2247 696 2322 arridet
717 2250 853 2350 opinio,
875 2246 1024 2350 vicujus
1042 2276 1124 2323 cum
1142 2250 1276 2329 codem

245 2373 440 2447 Bleincille
459 2397 570 2472 genus
591 2374 670 2445 idioe
693 2373 952 2446 aLamorouac
972 2373 1156 2445 inventum
1175 2375 1275 2476 inter
1307 2402 1311 2409 ·

245 2500 457 2570 sertularias
483 2497 705 2596 reponimus.

297 2620 334 2690 Si
359 2645 444 2692 vero
464 2616 517 2702 ‘ad
543 2616 742 2718 geologiam
768 2633 803 2692 te
830 2632 1036 2710 convertas,
1065 2633 1161 2689 extra
1183 2643 1272 2691 con·

154 2726 167 2742 ’
245 2742 429 2814 troversiae
458 2739 571 2811 aleam
596 2741 755 2841 positum
777 2755 832 2812 est
853 2741 889 2810 in
907 2740 1089 2840 primaevis
1107 2742 1273 2840 organici

246 2863 348 2961 regni
376 2859 599 2933 documentis
625 2858 904 2960 haudquaquam
938 2861 1118 2962 reperiri,
1149 2863 1200 2934 ita
1232 2879 1274 2938 ut

231 2980 440 3084 fossilifera
456 2998 566 3054 strata
587 2980 775 3074 inferiora,
792 3007 834 3054 ea
852 3008 933 3083 quae
953 2987 1196 3072 transitionis,
1213 2988 1273 3086 ju-

244 3109 405 3190 rassica,
431 3109 577 3176 oolitica
600 3103 772 3200 dicimus,
795 3106 1009 3206 perquirere
1036 3105 1154 3206 possis
1183 3108 1273 3208 quin

247 3230 452 3301 sertuiarioe
478 3225 647 3300 indicium
675 3225 830 3301 habeas:
857 3225 999 3300 videtur
1024 3226 1206 3327 siquidem
1232 3254 1274 3302 ex

244 3353 288 3424 iis
311 3347 504 3450 generibus
523 3374 601 3423 esse
612 3407 622 3444 ‚
641 3377 722 3452 quoe
739 3349 1003 3425 recentioribus
1021 3366 1161 3423 tantum
1178 3367 1271 3424 tem·

242 3472 393 3574 poribus
415 3474 469 3544 sui
490 3471 620 3545 indicia
640 3471 845 3572 relinquere
867 3488 1064 3572 potuerunt
1085 3498 1157 3544 una
1188 3499 1271 3546 cum

242 3612 296 3668 tot
322 3593 396 3665 aliis
423 3593 659 3667 animantibus
688 3620 845 3693 quorum
878 3590 987 3669 modo
1022 3590 1113 3666 adeo
1146 3593 1270 3688 utilis,

243 3715 501 3815 laudabilisque
542 3717 765 3818 investigatio
800 3718 837 3789 in
869 3731 945 3790 tota
976 3713 1090 3789 ferme
1122 3717 1271 3819 Europa

249 3855 416 3937 suscepta
440 3837 518 3911 fuit.

297 3960 386 4052 Quae
409 3985 494 4037 sane
517 3959 730 4037 documenta
751 3958 935 4055 deficiunt,
953 3987 1017 4036 cur
1032 3965 1266 4037 cartularium
