2716 4694
250 415 437 516 speciatim
458 415 552 488 circa
574 410 727 515 polypos
751 413 922 514 proprios
940 407 1043 507 alicui
1061 415 1202 514 generi,
1219 414 1272 490 uti

252 553 348 610 esset
348 533 573 632 fltntroe,vel
586 534 930 626 escharca5attamen
947 534 1156 636 gravissima
1165 534 1274 610 dubia

252 657 368 731 adhuc
390 671 606 760 supersunt,
628 654 822 757 exquibus
845 657 1003 757 primum
1029 673 1129 732 tenet
1153 656 1273 731 locum

253 781 406 880 quaestio
425 778 471 850 de
494 777 617 850 ordine
640 780 751 879 magis
773 776 903 851 idoneo
923 776 968 850 ad
984 779 1274 881 componendam

250 901 604 1002 Zouphytologiam5
630 926 813 1000 quumque
838 901 980 972 maximi
1008 904 1184 975 momenti
1202 903 1273 996 sit,

251 1041 292 1096 ut
317 1021 417 1123 liujus
444 1023 564 1124 operis
591 1020 780 1123 dispositio
802 1038 946 1123 pateat,
968 1020 1060 1095 hanc
1081 1049 1191 1095 unam
1211 1048 1274 1124 pe·

252 1144 434 1218 culiariter
455 1142 662 1217 diluendam
683 1142 890 1244 aggredior:
914 1141 987 1218 aliis
1015 1144 1274 1245 quaestionibus

252 1268 409 1368 alioquin
434 1267 593 1342 servatis.

301 1388 531 1490 Polyparium
553 1403 697 1462 constat
718 1413 760 1461 ex
779 1387 995 1490 polyporum
1017 1415 1150 1490 opera,
1165 1405 1274 1490 atque

255 1508 392 1584 eisdem
430 1535 617 1611 quousque
656 1511 803 1604 vivunt,
838 1536 1065 1584 communem
1098 1513 1276 1584 rationem

254 1629 387 1725 habet3
413 1630 475 1705 ubi
501 1634 611 1732 igitur
631 1629 710 1705 haec
728 1630 940 1733 polyporum
959 1658 1116 1734 corpora
1138 1657 1273 1734 cogno-

255 1770 422 1846 scantur,
444 1749 750 1852 quemadmodum
770 1751 939 1826 naturalis
962 1754 1017 1826 rei
1039 1751 1131 1826 ordo
1154 1769 1276 1858 postu·

254 1873 323 1969 lat,
339 1900 381 1948 ex
395 1872 523 1947 iisdem
541 1898 665 1946 eorum
682 1890 887 1976 tegumenta
907 1873 1157 1976 componenda
1180 1891 1275 1950 sunt.

254 1994 365 2068 Modo
387 2020 473 2068 vero
496 2021 606 2095 quum
627 1996 948 2072 Miluo-Edwards
963 1997 1041 2095 (1),
1064 1997 1184 2070 Grani
1201 1997 1274 2096 (2),

257 2115 682 2218 atqueElzrcmberg(3)‚
696 2119 800 2191 Delie
814 2117 941 2220 Cdtuje
958 2118 1061 2220 plura
1078 2116 1278 2194 detexerint

256 2241 354 2312 circa
380 2240 492 2313 series
520 2237 758 2340 quorumdam
782 2240 1083 2341 Zoopdytorum,
1098 2266 1178 2340 quac
1203 2267 1279 2315 non

255 2359 363 2433 modo
380 2363 544 2455 Linaton,
562 2359 678 2434 sedet
694 2362 766 2463 ipsi
782 2362 965 2434 Lomarclc
981 2360 1156 2454 latebant,
1169 2379 1278 2464 atque

255 2508 384 2556 novam
411 2480 594 2556 dividendi
625 2480 704 2557 haec
725 2482 915 2584 polyparia
943 2480 1152 2556 methodum
1179 2484 1279 2558 indu·

213 2642 214 2645 ¹
255 2609 394 2698 xerint,
420 2631 495 2678 non
520 2631 633 2678 renuo
670 2603 761 2678 hanc
797 2630 969 2697 servare,
997 2631 1104 2704 quam
1142 2603 1278 2706 proba-

254 2725 378 2800 biliter
412 2727 521 2800 modo
544 2726 675 2799 laudati
708 2729 773 2799 viri
806 2728 919 2800 secuti
950 2743 1095 2820 essent,
1126 2729 1156 2799 si
1183 2727 1281 2802 illam

257 2850 504 2948 agnovissent:
532 2850 689 2948 exceptis
716 2866 835 2922 tamen
867 2850 927 2942 iis,
960 2876 1038 2949 quae
1068 2847 1138 2950 jam
1174 2867 1280 2925 antea

255 2969 369 3043 firmis
397 2971 614 3070 argumentis
641 2971 783 3064 innixa,
810 2969 1008 3043 subsistere
1034 2970 1213 3044 videntur.

306 3091 424 3162 Alacri
442 3107 560 3164 autem
578 3094 696 3163 animo
715 3090 805 3164 hanc
822 3118 950 3164 novam
967 3089 1176 3164 methodum
1191 3092 1277 3166 mihi

255 3215 457 3315 proposui,
485 3214 570 3313 quia
595 3217 806 3316 ceteroquin
833 3213 944 3287 multo
977 3213 1192 3314 simpliciori
1223 3219 1279 3288 via

256 3333 339 3408 huic
356 3336 516 3408 scientiae
533 3333 760 3436 dispositioni
774 3335 974 3410 consultum
992 3351 1064 3408 est:
1081 3334 1168 3410 dues
1183 3338 1280 3412 enim

280 3533 410 3603 (1)Ann.
428 3535 472 3585 des
490 3531 594 3586 Soicno.
612 3541 737 3598 natur.,1
759 3549 819 3598 sen,
835 3540 855 3584 t.
876 3532 916 3598 15,
933 3551 982 3601 par
998 3534 1238 3587 Milite-Edwards
1254 3544 1280 3590 et

257 3623 391 3674 Audouin.
410 3622 485 3674 Paris
504 3623 577 3674 1828.

280 3711 322 3780 (2)
332 3711 467 3763 Observat.
486 3712 516 3762 of
530 3729 565 3763 on
577 3712 622 3762 thc
636 3719 767 3762 structure
780 3712 832 3763 and
845 3719 939 3761 natura
953 3712 984 3762 ol
994 3712 1093 3764 flustra.
1108 3712 1282 3780 Edinburgh,

256 3816 313 3851 new
329 3799 477 3866 philosoph.
495 3802 583 3866 journ.
605 3800 663 3850 Vol.
684 3799 714 3864 3,
732 3817 791 3868 pag.
814 3816 870 3866 1⁰7·

279 3885 322 3955 (3)
338 3886 456 3952 Beitrage
473 3905 518 3936 sur
540 3889 613 3954 phys.
636 3885 752 3938 kenntiss
774 3889 822 3938 der
848 3888 938 3938 corall.
967 3887 1004 3938 im
1030 3889 1199 3957 allgemcinen
1224 3888 1281 3940 und

255 3977 387 4028 besontcrs
405 3977 448 4027 tea
465 3975 569 4029 Rothen
586 3992 682 4028 moeres
700 3993 737 4028 cc.
756 3974 835 4028 Auct.
854 3975 1028 4045 Ehremberg.
