2716 4694
160 306 278 497 elain,
313 397 528 491 llocltetto,
562 399 764 477 Mareslott
776 455 790 495 ‚
832 400 984 495 Vesin,
1022 396 1178 496 Ter-rer,

164 525 383 602 Michelotti.
1179 566 1182 581 =
1207 592 1225 613 ,.

413 686 690 755 ruunuoum
724 685 940 750 ciarnus
1185 584 1239 729 '‘l''‘l

239 863 423 914 soranum
449 854 487 912 ct
511 862 624 911 cunis.
650 861 751 953 nopis
777 834 899 929 (Tol.
926 810 976 930 3,
1024 861 1063 932 g.
1078 834 1130 930 3)

170 1002 356 1068 Turbinotta
376 1004 532 1087 simplici;
552 1001 890 1070 clavato-turbinum
915 1000 1008 1060 stello
1035 1015 1185 1077 concam,

202 1121 304 1170 centro
330 1107 509 1192 pupilloso,·
530 1108 618 1167 costis
645 1105 814 1186 majoribus
841 1106 994 1182 alternis,
1023 1104 1206 1172 obsoletm,

204 1213 272 1275 basi
291 1212 456 1298 depressa,
477 1212 656 1296 corporibus
677 1223 850 1272 constanter
870 1209 1055 1271 adhaerente.

95 1418 101 1427 ,
182 1353 336 1418 Solonder
358 1365 389 1416 et
409 1355 498 1416 Ellis.
520 1353 585 1416 The
607 1350 722 1415 natural
744 1351 863 1436 history
884 1352 920 1414 ol
936 1374 1031 1437 many
1051 1350 1115 1414 and
1133 1371 1185 1414 un·

225 1448 368 1522 commen
386 1460 527 1544 zoophyt.
549 1459 612 1520 tnb.
635 1458 686 1520 28.
701 1457 758 1542 fig.
781 1480 811 1540 7.

183 1566 291 1650 Esper.
312 1565 537 1629 Planzenthierc
564 1587 589 1625 1.
606 1585 681 1648 pag.
708 1565 775 1641 143.
797 1563 861 1623 tab.
883 1562 1007 1647 Mlfiss·
1035 1585 1047 1626 1

183 1669 329 1739 Marsilli.
351 1674 427 1733 Hist.
448 1670 526 1754 phin.
548 1671 610 1751 tob.
632 1669 683 1731 28.
704 1668 755 1750 fig.
783 1667 852 1730 128.
875 1689 906 1727 u.
933 1689 982 1731 tt.

183 1777 381 1860 &henrigen
402 1774 561 1856 Handbug.
580 1789 654 1858 pag.
675 1776 748 1858 4¹7·
768 1772 1027 1858 (autophyllum)

184 1883 367 1964 Flemrnlng.
386 1881 513 1942 Brittan.
534 1883 628 1942 anim.
646 1901 722 1965 pag.
745 1881 818 1962 507.

186 1988 218 2049 S.
238 1988 433 2068 Elrremlerg.
453 1987 545 2048 Mem.
561 2007 636 2071 pag.
660 1985 711 2069 76.
733 1984 899 2069 (cyathina
921 1987 1063 2070 systus.)

64 2152 69 2159 ,
186 2093 349 2154 Lnnrnrck.
379 2091 451 2153 hist.
476 2093 527 2152 cit.
556 2113 605 2177 ap.
629 2112 704 2176 pag.
719 2086 793 2168 346.
817 2103 891 2152 tom.
903 2114 933 2152 2.
947 2085 1184 2176 (caryophillra.)

220 2233 277 2310 Ab
303 2235 344 2309 iis
371 2233 564 2336 polypariis
593 2261 674 2335 quae
702 2233 921 2310 turbinolios
952 2236 1106 2336 proprie
1134 2231 1186 2306 di-

171 2374 247 2432 ctas
275 2359 515 2450 constituunt,
540 2356 722 2457 paulisper
754 2383 795 2430 ca
822 2356 1192 2457 differunuquorum

171 2479 268 2556 basis
296 2478 475 2572 adhaeret,
504 2477 703 2578 aequalina
731 2477 1091 2580 estquibuscumque
1119 2505 1192 2552 cor·

171 2601 338 2705 poribus3
364 2621 490 2676 notatu
533 2620 651 2675 tamen
695 2600 878 2701 digniora,
908 2602 992 2700 quia
1034 2599 1193 2674 solitaria

173 2750 237 2798 seu
263 2722 459 2825 simplicio,
485 2725 539 2797 nti
566 2723 667 2822 loqui
694 2722 863 2795 amabant
889 2739 1059 2815 veteres,
1087 2739 1193 2796 sunt:

172 2847 268 2918 inter
293 2842 367 2918 haec
385 2871 466 2944 quae
489 2845 624 2944 passim
645 2846 750 2916 etiam
766 2843 1025 2946 cnryoplzyllioe
1048 2847 1194 2918 nomine

173 2969 340 3056 veniunt,
368 2969 524 3067 primum
551 2963 671 3038 locum
697 2982 797 3039 tenet
821 2966 1074 3068 curyopleyllio
1108 2993 1191 3066 cyo-

173 3086 281 3177 chus,
307 3087 393 3160 licet
420 3112 461 3162 ex
485 3086 742 3189 plerorumque
771 3091 943 3189 opinione
983 3088 1194 3189 simplicitas

172 3237 247 3284 non
274 3213 442 3286 sufficiat.
474 3213 574 3284 Varii
613 3209 657 3285 cle
688 3210 753 3283 hac
787 3209 984 3284 turbinatio
1014 3226 1193 3310 egerunt,

172 3333 238 3409 sed
265 3352 433 3409 constans
468 3351 523 3408 est
548 3358 772 3422 cousensus,
799 3330 948 3404 brevem
974 3357 1054 3404 esse
1083 3359 1194 3432 gene·

173 3457 307 3546 ratim,
334 3456 582 3549 rotundatum,
609 3471 716 3554 atque
744 3472 884 3552 gestare
911 3455 1028 3527 sulcos
1056 3454 1192 3526 medio

174 3602 274 3668 ores,
302 3576 439 3649 stellam
457 3575 715 3670 orbicularem,
739 3594 864 3650 centro
888 3575 1077 3678 pupilloso.
1099 3579 1195 3649 Mar·

173 3725 219 3799 go
246 3723 317 3769 non
343 3697 492 3798 simplex
518 3716 590 3793 est,
617 3699 713 3774 idest
738 3727 809 3771 non
837 3701 1062 3800 conspicitur
1087 3701 1124 3770 in
1152 3725 1194 3772 eo

174 3818 357 3920 aequalitas
394 3819 638 3918 tamensium,
674 3824 726 3894 uti
763 3820 933 3897 indicavit
956 3822 1101 3922 Esper,
1127 3816 1193 3896 sed

173 3940 365 4042 inaequales
391 3941 447 4018 hae
472 3942 621 4020 lamellae
649 3960 742 4018 sunt.
