2716 4694
1044 297 1093 373 25

64 417 292 522 exemplum,
315 416 428 491 multo
453 415 577 520 plures
604 433 731 520 egerut
762 443 870 518 quam
901 423 1094 515 recensiti3

62 567 147 614 nam
161 543 259 614 inter
275 557 415 614 veteres
433 541 679 628 Aldrouandi,
692 541 894 633 Wormiur,
905 542 1093 634 Bonnant‘,

65 661 315 763 Tournefort,
342 664 523 751 Mercatt',
546 665 641 734 inter
662 664 881 736 recentiores
910 667 1094 757 Liuueur,

63 788 303 872 Lamoroux,
328 786 540 879 Blut'nuille,
563 786 695 859 Cuuier
719 783 764 858 de
788 785 917 858 eodem
937 790 1093 862 mentio·

62 933 149 980 nem
176 905 401 999 habuerunt3
427 907 569 979 unicam
597 907 759 1005 speciem
792 910 994 1002 constituit,
1023 936 1095 1010 qua

59 1034 209 1102 corallii
231 1053 343 1129 genus
366 1029 550 1100 innitatur.
568 1028 698 1099 Omnia
719 1028 845 1128 igitur,
865 1055 947 1129 quae
972 1029 1016 1103 de
1033 1057 1095 1105 co·

58 1157 171 1227 rallio
206 1149 435 1243 referuntur,
462 1147 507 1221 ad
540 1147 632 1222 hane
658 1151 816 1251 speciem
843 1155 1029 1251 pertinent
1055 1169 1093 1227 et

59 1274 232 1345 vicissim.
258 1273 382 1344 Brevis
409 1273 439 1344 si
462 1270 609 1370 quidem
631 1268 706 1370 ejus
729 1269 895 1366 altitudo,
918 1276 1032 1347 rarius
1055 1275 1093 1348 in

60 1393 299 1487 occidentali,
323 1410 382 1466 aut
404 1392 587 1484 orientali3
610 1394 876 1493 septemtrionis
903 1398 1092 1495 expositio·

57 1542 106 1589 ne
129 1515 296 1588 aborret:
318 1513 444 1587 itidem
467 1512 663 1614 aliquando
686 1512 878 1588 rotundato
899 1533 955 1590 est
974 1515 1091 1591 forma

57 1635 162 1739 hujus
190 1636 365 1739 polyparii
380 1686 397 1730 ,ι
418 1634 609 1736 aliquando
636 1634 819 1737 depressa.

110 1760 292 1834 Nonnulla
314 1757 455 1831 addidit
477 1784 622 1860 quoque
643 1760 751 1831 Delle
770 1756 897 1859 Chioje
915 1759 1010 1832 cirea
1025 1786 1088 1834 eo·

57 1887 208 1956 rallium
232 1881 406 1968 rubrum,
429 1907 510 1981 qnae
538 1905 689 1952 cernere
715 1896 771 1953 est
798 1878 895 1981 apud
921 1879 1089 1957 eumdem

62 2021 252 2077 auctorem
283 2002 328 2075 de
359 2005 643 2077 Mediterraneis
677 2000 809 2075 divitiis
846 2003 981 2103 optime
1012 2029 1090 2076 me·

63 2127 187 2198 ritum.
204 2125 353 2198 Habitat
368 2127 406 2197 in
423 2150 557 2198 oceano
575 2127 725 2213 Indico,
746 2126 782 2197 in
798 2127 1088 2200 Mediterranea.

111 2248 309 2349 Reperitnr
333 2249 371 2319 in
395 2253 493 2322 colle
521 2249 755 2319 Taurinensi.

111 2371 206 2442 Mus·
241 2370 357 2443 Paris.
381 2371 514 2442 Vienn.
547 2385 617 2442 eet.
647 2368 778 2466 (viv.)
812 2370 905 2442 Mus.
939 2326 1091 2443 Tauria..

61 2489 213 2572 Collect.
238 2492 425 2588 Beturdt
450 2492 617 2584 Movent,
641 2487 848 2567 Mwhelotti
874 2488 1020 2587 (loss.)
