2716 4694
256 341 298 389 ta

248 451 413 531 rescunt3
439 435 476 509 in
498 431 717 536 quibusdam
736 439 940 509 sertularir‘s
961 461 1036 510 non
1056 441 1274 513 coalescen-

247 559 344 632 tibus
370 575 527 632 extrema
552 555 772 631 ramulorum
796 559 834 630 in
859 555 966 633 tubos
992 557 1277 654 vermiculares,

248 679 414 782 calyculis
442 679 632 752 destitutos
645 735 657 771 ,
684 677 796 753 obviis
824 677 1040 781 corporibus
1066 705 1104 753 se
1128 705 1169 753 se
1192 677 1277 752 adfi-

251 819 403 905 gentes,
443 801 618 900 quasique
656 800 857 874 radicantes
889 799 1132 900 degenerare3
1167 826 1275 902 rege·

250 922 383 1016 rebat,
421 920 604 1015 ramulos,
647 937 684 994 et
730 920 906 1023 calyculos
946 946 1093 1024 semper
1133 946 1278 995 sursum

251 1068 457 1145 assurgere,
478 1059 515 1115 et
531 1045 630 1144 ipsos
651 1066 798 1143 semper
811 1041 981 1116 deorsum
998 1040 1164 1116 tendere:
1189 1041 1279 1143 qnid

250 1165 363 1240 simile
381 1165 577 1237 invenimus
599 1164 705 1237 etiam
728 1160 826 1264 opud
842 1166 1034 1237 Linnaeum
1055 1165 1091 1236 in
1115 1161 1278 1237 editione

253 1284 500 1359 decimatertia
526 1299 681 1386 systema
702 1299 846 1357 naturae
868 1283 953 1358 dum
975 1287 1036 1381 ait,
1058 1290 1278 1358 senatorias

254 1423 292 1481 et
315 1404 437 1509 plures
465 1407 588 1480 affines
616 1402 791 1480 radicatas
820 1431 900 1480 esse
930 1431 1032 1480 more
1054 1403 1280 1507 plantarum,

254 1526 423 1602 radiculis
450 1545 546 1601 extra
572 1552 612 1601 se
639 1526 826 1630 dispersis.

299 1650 410 1723 Hisce
436 1651 620 1750 sepositis,
647 1674 814 1749 quaenon
841 1648 939 1721 omni
956 1645 1191 1723 fundamento
1214 1647 1278 1723 de-

253 1772 468 1861 stituuntur,
492 1768 796 1871 quemadmodum
817 1787 942 1843 nostra
964 1786 1070 1843 aetate
1092 1771 1203 1843 etiam
1224 1796 1280 1844 ex-

254 1890 433 1994 ploratum
459 1909 536 1984 est3
562 1909 650 1992 puta
675 1893 770 1963 inter
797 1908 926 1963 caetera
953 1891 1101 1965 effectus
1128 1889 1220 1966 lucis
1243 1909 1281 1966 et

251 2030 370 2088 motus
386 2016 423 2086 in
441 2012 602 2114 polypis,
621 2012 721 2113 quod
739 2015 897 2086 eruimus
912 2037 954 2085 ex
969 2015 1113 2114 scriptis
1131 2014 1280 2115 insignis

254 2131 411 2210 historiae
437 2132 607 2207 naturalis
631 2133 776 2208 cultoris
803 2135 878 2232 (t),
899 2133 1001 2207 facile
1028 2134 1185 2236 probatu
1212 2138 1284 2210 erit

254 2280 328 2329 non
344 2253 453 2328 modo
471 2255 672 2357 polyparia,
688 2254 754 2328 sed
775 2272 812 2328 et
833 2255 984 2357 polypos
1001 2261 1207 2332 renouato
1223 2283 1284 2331 co·

256 2379 373 2481 gnitos
390 2376 446 2450 vel
472 2375 517 2449 ah
541 2378 629 2479 ipsis
652 2374 855 2450 auctoribus
878 2376 1129 2450 remotioribus
1152 2375 1283 2472 suisse3

254 2498 388 2603 jamdiu
400 2524 506 2573 omne
520 2498 669 2572 dubium
680 2516 918 2572 memoratum
933 2523 1045 2599 genus
1060 2525 1140 2571 cum
1153 2498 1284 2599 hydris

256 2620 476 2696 confundere
492 2621 689 2695 evanuisse.
706 2621 816 2710 Quasi
832 2620 987 2720 hydrum
1017 2617 1145 2710 habes,
1165 2621 1284 2724 inquit

256 2745 397 2830 Pallas,
416 2766 613 2835 ramosam,
636 2739 763 2814 tubulo
785 2739 958 2814 inclusam
972 2740 1045 2839 (2),
1060 2738 1158 2841 cujus
1180 2744 1283 2843 poris

258 2864 455 2956 coronatis,
468 2888 532 2937 seu
550 2861 714 2963 calyculis
732 2863 850 2964 capita
872 2888 935 2935 sua
957 2860 1083 2936 cirrhis
1105 2865 1286 2940 instructa

259 2984 390 3078 exerit3
416 2986 454 3055 in
480 2982 719 3085 singularibus
746 2982 911 3057 vesiculis
947 2982 1087 3086 profert
1120 2988 1287 3085 germina

257 3107 359 3200 viva,
385 3102 554 3198 decidua,
580 3129 769 3205 novasque
795 3106 926 3207 stirpes
954 3107 1125 3179 animatas
1151 3107 1286 3207 produ·

259 3243 382 3321 ctura3
409 3225 551 3299 turbata
576 3228 697 3326 quiete
724 3224 853 3298 horum
879 3225 1111 3327 polyporum,
1138 3245 1285 3302 contra·

257 3348 392 3423 huntur
407 3374 445 3423 se
459 3374 498 3422 se
513 3348 650 3450 polypi,
662 3351 773 3449 inque
791 3346 968 3449 calyculus
984 3373 1129 3421 corneae
1142 3348 1285 3443 indolis,

259 3486 297 3544 et
322 3495 473 3543 ramosae
501 3495 540 3543 se
566 3471 746 3571 recipiunt
771 3468 827 3542 vel
848 3470 1014 3544 universo
1035 3467 1138 3544 simul
1161 3497 1284 3567 ramo,

259 3590 316 3666 vel
341 3592 490 3695 propria
516 3589 654 3666 cellula.

284 3892 327 3963 (ι)
344 3893 495 3946 Blainville.
513 3892 632 3947 Diction.
650 3894 694 3948 des
711 3893 807 3949 seienc.
824 3901 934 3966 natan,
952 3906 1012 3953 tom.
1028 3896 1082 3966 60,
1097 3914 1160 3970 pag·
1178 3895 1221 3969 76·

284 3981 327 4053 (a)
344 3983 406 4039 Vid.
424 3983 528 4038 Praefst.
547 4000 625 4055 wem
641 3983 778 4055 posuimus
795 3983 882 4038 initio.
