2716 4694
489 416 875 506 PROOEMIUM

590 716 776 744 ιιι-αθ.-

220 1471 288 1584 Ea
300 1509 468 1586 naturalis
483 1507 644 1586 historiae
659 1534 756 1611 pars,
774 1535 856 1612 quae
870 1507 1126 1613 zoophytorum
1136 1541 1197 1590 na-

168 1650 305 1730 turam,
316 1636 464 1722 seriem,
478 1632 735 1733 historiamque
749 1635 910 1734 inquirit,
923 1650 1031 1734 atque
1048 1634 1195 1712 demon·

166 1773 275 1850 strat,
292 1756 486 1849 communi,
500 1753 727 1856 probatoque
735 1753 1032 1856 Zoophytologiae
1049 1760 1194 1834 nomine

167 1880 291 1952 venire
305 1875 409 1969 solet,
426 1875 627 1976 codemque
641 1875 814 1950 vocabulo
832 1876 970 1979 polypi,
985 1896 1022 1952 et
1037 1879 1190 1982 polypa-

166 2001 221 2071 ria
246 1998 615 2101 comprehenduntur.

215 2095 373 2223 Polypos
401 2147 443 2194 ea
470 2121 661 2194 animantia
687 2147 769 2194 cum
793 2122 984 2197 Blainot'lle
1012 2122 1188 2220 dicimus,

165 2269 246 2344 quae
260 2259 448 2344 nequeunt
462 2245 500 2316 in
518 2241 603 2316 duas
622 2268 744 2343 aequas
759 2260 880 2345 partes
895 2243 1016 2336 dividi,
1032 2273 1188 2347 quaeque

165 2367 301 2439 circum
318 2382 491 2466 punctum
507 2391 634 2459 unum,
652 2366 704 2437 uti
716 2381 891 2458 centrum,
906 2363 1077 2465 disposita
1093 2383 1188 2459 sunt,

163 2504 200 2562 et
224 2486 400 2560 radiatam
425 2485 578 2560 formam
602 2485 738 2558 habent
763 2485 820 2558 vel
844 2487 882 2557 in
914 2502 988 2558 tota
1021 2489 1186 2587 corporis

161 2607 353 2682 formavel
374 2610 412 2680 in
433 2607 695 2681 tentaculorum
717 2603 860 2698 ordine,
879 2607 915 2677 in
939 2631 1092 2705 quorum
1115 2609 1186 2683 vim

164 2732 357 2804 animantia
374 2728 510 2802 radiata
525 2728 690 2830 plerique
705 2753 767 2800 eos
785 2726 976 2830 appellant.
992 2727 1186 2830 Polyparia

161 2851 312 2926 dicimus
345 2868 551 2952 tegumenta
585 2849 813 2950 quorundam
846 2848 1089 2951 polyporum,
1121 2853 1185 2952 qui

159 2973 291 3047 iisdem
318 2972 490 3066 insident,
518 2989 625 3073 atque
651 2974 792 3066 vivunt,
817 2998 885 3045 nec
911 2997 985 3045 non
1013 2973 1184 3074 multipli-

162 3113 289 3169 cantur
301 3151 313 3188 ,
341 3111 448 3196 atque
475 3110 640 3168 constant
666 3119 738 3167 non
760 3118 801 3166 ex
821 3093 1092 3166 transadatione
1112 3122 1182 3194 po-

158 3214 336 3320 lyporum,
355 3214 657 3318 quemadmodum
672 3218 710 3288 in
728 3217 893 3289 testaceis
910 3217 1103 3317 contingit,
1118 3215 1184 3290 sed

161 3363 202 3412 ex
227 3340 350 3412 intima
376 3364 502 3413 eorum
526 3339 698 3432 essentia,
723 3334 923 3438 cujusmodi
949 3353 1005 3411 est
1030 3362 1182 3412 cernere

161 3462 196 3534 in
224 3463 430 3534 crustaceis.

207 3580 364 3656 Mirifice
381 3608 466 3657 sane
484 3581 528 3657 de
550 3581 691 3685 polypis
714 3578 760 3655 al>
783 3579 1006 3678 auctoribus,
1030 3583 1091 3682 qui
1112 3579 1181 3657 hac

162 3705 205 3780 de
222 3732 263 3787 re
286 3707 531 3807 scripserunt,
552 3705 748 3779 afferuntur
770 3704 1005 3799 documenta3
1027 3730 1182 3805 corpora

161 3829 255 3902 enim
271 3827 384 3902 habes
407 3830 443 3901 in
465 3827 532 3903 hac
550 3853 604 3923 re,
619 3855 699 3930 quae
718 3827 930 3903 obtruncata
947 3830 1179 3920 reviviscunt,

161 3975 284 4052 quaeve
297 3975 506 4054 compressa
522 3953 558 4026 in
573 3967 625 4028 tot
645 3952 729 4028 alias
747 3968 928 4028 mutantur
944 3949 1073 4052 figuras
1091 3965 1181 4050 quot
