2724 4688
163 254 213 347 64

163 373 267 450 drica
292 386 369 447 tum
393 370 617 447 lamellarnm
641 370 806 469 indoles,
832 399 914 478 qnae
939 375 1193 453 minutissima

162 514 263 592 sunt,
281 513 392 599 atque
408 497 539 600 aliquae
556 496 675 574 abasi
692 498 738 574 ad
749 503 950 604 marginem
965 496 1202 599 deferuntur,

162 624 241 699 aliae
257 626 354 699 inter
368 622 433 698 bas
451 639 571 696 ortum
585 620 742 716 babent,
767 626 977 727 pariterque
989 628 1193 730 marginem

162 749 354 850 attingunt
381 743 492 820 Stella
517 761 637 819 autem
663 743 856 821 rotundatu
870 764 941 855 est,
968 763 1082 849 atque
1103 774 1194 823 mar·

116 970 123 987 ’
164 875 285 975 gincm
307 893 454 971 quoque
476 869 631 970 attingit.
654 869 876 945 Transverse
891 887 1092 946 occurrunt
1109 897 1193 975 quo

164 1019 235 1096 que
262 991 392 1093 aliquae
419 991 532 1065 striae.

214 1115 404 1207 Ceterum,
431 1112 531 1215 quod
557 1115 608 1188 ait
643 1116 864 1190 Lamorouae
888 1115 1011 1217 viginti
1038 1131 1195 1216 quatuor

162 1236 275 1310 lineas
309 1251 427 1310 rectas
462 1233 614 1328 adesse,
640 1234 921 1339 haudquaquam
946 1237 1074 1311 stricte
1102 1238 1193 1312 aeci-

163 1356 341 1462 piendum
355 1373 426 1450 est,
452 1384 536 1430 nam
557 1357 669 1432 multo
684 1358 808 1461 plures
822 1357 964 1453 adsunt,
995 1356 1066 1433 hoc
1082 1385 1192 1435 unum

164 1506 248 1554 cum
274 1477 406 1555 eodem
427 1476 644 1584 probamus,
670 1483 838 1554 nimirum
859 1479 978 1556 sulcos
1000 1480 1192 1583 parallelos

165 1628 258 1677 esse.

211 1722 398 1800 Habitat.
426 1779 435 1797 .
462 1779 472 1797 .
500 1725 700 1827 Reperitur
727 1751 845 1827 prope
872 1725 1059 1823 Grignon.

215 1849 311 1923 Mus.
337 1848 453 1921 Paris.
478 1847 632 1921 Brittan.
658 1845 778 1921 Berol.
805 1847 910 1920 Vien.
938 1863 1007 1921 ect
1034 1847 1185 1926 Collect.

162 1967 371 2060 Meteon,
396 1968 612 2070 Desrauce,
638 1970 838 2059 Bellardi,
862 1968 1080 2046 Miclzelotti.

397 2133 691 2200 ruustuotta
717 2133 967 2199 PHARETRA

645 2307 714 2357 tet

170 2448 354 2512 Turbiuoliu
368 2448 511 2528 clavata,
535 2446 751 2528 cylindruceu,
774 2445 1040 2530 longitudinoliter
1060 2449 1192 2512 sulcata.-

195 2559 282 2642 port's
303 2557 505 2633 bisseriatim
526 2553 693 2640 dispositis,¹
715 2555 847 2615 lamellis
861 2555 1074 2638 inoequolc'bus;
1095 2557 1188 2619 stella

199 2662 370 2725 rotundatu
383 2689 396 2732 ,·
417 2663 486 2723 stilo
510 2662 615 2742 elatu,
637 2660 775 2722 radiato.

179 2810 269 2872 Isaac
290 2811 364 2870 Lea.
386 2807 521 2871 Contrib.
543 2819 576 2870 to
598 2806 716 2890 geolog.
734 2828 810 2893 pag.
837 2806 905 2892 196.
929 2807 993 2872 tab.
1015 2807 1048 2871 6.

212 2951 377 3025 Incertus
403 2949 569 3025 haerebat
585 2955 686 3044 Lea,
714 2980 759 3025 an
787 2979 828 3026 ex
850 2954 973 3049 Goldst
998 2951 1116 3056 figura
1141 2953 1192 3058 ju·

165 3069 298 3145 dicium
324 3071 497 3168 serendo,
526 3100 606 3174 quae
643 3074 688 3147 de
715 3075 913 3150 turbinolia
939 3081 1084 3150 sulcata
1107 3077 1195 3157 affe·

162 3211 309 3287 rantur,
335 3195 538 3270 turbinolioe
558 3195 748 3296 pharetrae
777 3201 1025 3273 convenirent.
1053 3200 1194 3277 Tamen
1249 3180 1251 3185 ,

162 3316 404 3419 peculiaribus
432 3314 700 3392 characteribus
739 3318 840 3420 hujus
867 3321 1075 3396 tnrbttontoe
1107 3325 1195 3396 inni·

162 3463 243 3534 xus,
270 3438 366 3513 aliud
392 3442 535 3535 sentiit,
554 3443 602 3513 ita
627 3439 803 3514 suadente
825 3442 1047 3519 lamellarum
1070 3443 1195 3549 dispo-

163 3562 293 3635 sitione
320 3563 425 3637 insita
451 3565 488 3636 in
513 3563 709 3636 turbinolia
728 3563 936 3664 pharetra,
962 3567 997 3638 vi
1016 3565 1117 3668 cujus
1145 3570 1195 3662 24

162 3680 281 3757 sulcos
305 3708 575 3784 enumeramus,
604 3689 712 3762 costis
725 3688 1011 3789 respondentes,
1039 3716 1195 3790 quarum

161 3803 187 3878 6
214 3805 310 3879 circa
351 3823 517 3882 centrum
556 3812 773 3910 quiescunt;
805 3811 830 3885 6
857 3810 978 3885 alterae
1004 3811 1191 3890 breviores

164 3943 260 4028 sunt,
288 3954 369 4034 quae
387 3949 582 4035 supersunt
601 3933 812 4029 duodecim,
840 3935 1047 4012 alternatim
1073 3936 1192 4014 adhuc
