2716 4694
174 316 244 388 108

165 441 245 508 losa
271 430 398 507 eadem
422 433 497 530 sit,
522 459 564 509 cc
596 432 817 536 modrepora
852 456 1065 535 acropora5
1089 432 1172 537 prior
1219 406 1222 505 f

167 581 301 630 nomen
326 554 425 630 duxit
450 582 471 629 a
497 555 681 630 Solonder
709 572 747 629 et
771 557 891 646 mtto,-
917 554 1035 631 altera
1059 580 1175 631 veroa

167 681 321 752 Linnoeo
332 733 347 767 ,
371 673 530 779 illudque
551 666 739 752 rennuerit
761 679 910 780 Esper:
935 676 1119 774 seeundo,
1142 702 1176 753 ru

166 814 299 874 ostrcea
325 825 511 902 acropora
536 826 618 873 cum
635 800 750 903 priori
775 804 964 875 sarcinata
987 790 1177 893 conveniat
1215 792 1218 797 ’

167 937 205 995 et
240 921 362 1020 Erper
396 937 500 1022 putat
536 946 667 1023 reapse
707 922 964 1024 modreporam
988 928 1178 997 roustosan

165 1068 247 1118 esse
270 1044 529 1144 madreporam
543 1070 767 1147 acroporam
777 1079 792 1136 ,·
818 1043 959 1119 dubitat
973 1061 1099 1120 tamen
1120 1046 1179 1119 Lo-

166 1167 313 1261 marclt,
340 1192 421 1240 cum
448 1191 566 1268 eoque
591 1167 918 1257 Milite-Edwards.
946 1168 1066 1243 causa
1091 1166 1179 1242 dubi·

166 1285 266 1362 tandi
292 1285 530 1390 probabiliter
555 1289 592 1360 in
619 1313 663 1362 eo
690 1304 790 1385 erat,
816 1288 917 1391 quod
941 1289 1055 1365 steiiae
1081 1289 1180 1394 cylin-

166 1407 306 1483 draoeae
328 1466 340 1504 ,
360 1409 644 1512 pauci-radiatae
665 1407 832 1485 dicantur
865 1412 904 1484 in
928 1427 1064 1487 astraea
1088 1426 1179 1487 rou·

165 1536 243 1605 losa
254 1564 271 1622 ,·
296 1532 334 1603 in
359 1546 492 1607 ostroea
534 1548 655 1607 autem
679 1556 865 1636 acropora
890 1557 1044 1609 numero
1068 1532 1180 1638 piures

166 1655 455 1756 conspiciantur:
481 1652 613 1729 deinde
630 1652 913 1731 additamentum
939 1653 1047 1753 illud,
1071 1655 1119 1731 de
1141 1653 1181 1728 le

163 1775 277 1849 meliis
319 1778 456 1849 circum
497 1779 698 1879 marginem
728 1778 885 1872 creetis,
912 1779 1027 1853 ocutis
1053 1776 1181 1853 directe

161 1913 342 1998 repugnat
376 1913 506 1972 astreoe
546 1904 754 1988 rotulosce,
790 1914 829 1972 et
853 1894 980 2000 figurae
1007 1924 1098 2001 quos
1122 1898 1188 1995 bu·v

163 2015 292 2090 bemus
334 2020 560 2121 madreporoe
596 2045 790 2122 acroporae
823 2016 892 2094 hoc
916 2018 1094 2097 indicium
1116 2046 1181 2095 non

167 2137 383 2214 ostendunt:
410 2139 503 2216 adde
526 2196 537 2234 ,
564 2138 664 2242 quod
702 2140 836 2216 dicitur
871 2140 917 2217 de
940 2140 1025 2218 basi
1048 2140 1180 2246 spinuli

164 2277 285 2336 erecta
310 2261 482 2362 praedita,
509 2265 548 2335 in
572 2269 737 2338 rotuloso
762 2289 837 2337 non
852 2265 963 2338 cerni.

214 2386 276 2457 Me
302 2383 390 2459 fallit
416 2413 461 2458 an
484 2387 705 2485 madrepora
731 2385 913 2460 latebrosa
940 2386 1084 2461 Stoamt·
1107 2414 1182 2464 con·

160 2509 278 2581 veniat
295 2535 376 2581 cum
387 2511 607 2610 modrepora
632 2514 811 2596 rotulosa,
834 2525 870 2581 et
888 2508 1076 2584 aneadem
1102 2536 1179 2613 spe·

166 2631 241 2704 cies
262 2633 450 2704 conveniat
477 2658 561 2706 cum
586 2632 804 2732 modreporo
826 2635 1183 2732 acropora3affirmat

163 2753 398 2826 Lomoroux:
425 2769 546 2826 tamen
573 2751 658 2824 dum
684 2751 730 2824 de
755 2755 976 2848 madrepora
1001 2781 1182 2858 acropora

163 2874 297 2968 Esperi
312 2875 533 2946 mentionem
551 2875 645 2974 agit,
673 2873 904 2948 dubitationis
924 2876 1070 2976 signum
1096 2903 1181 2979 prae·

166 2991 296 3085 seiert3
324 2994 579 3095 concluditque
605 2995 845 3097 probabiliter
870 2995 1119 3071 confusionem
1137 3014 1183 3072 tu·

164 3113 249 3187 lisse
275 3117 459 3188 Lomorclc
494 3118 531 3187 in
563 3115 662 3190 hisce
689 3117 917 3218 speciebus,
944 3118 1044 3218 quod
1070 3143 1184 3221 neque

165 3262 207 3310 ex
249 3239 346 3309 omni
385 3254 488 3338 parte
522 3263 647 3310 verum
679 3256 760 3335 est,
786 3266 870 3312 nam
901 3242 1021 3314 statim
1049 3269 1090 3315 ac
1116 3259 1183 3314 tres

162 3360 305 3460 species
337 3357 484 3452 induxit,
508 3357 756 3434 confusionem
793 3387 868 3433 non
892 3361 1060 3454 induxit,
1086 3365 1185 3463 sique

167 3479 333 3554 dubitare
359 3506 463 3554 ausus
492 3498 559 3574 est,
586 3479 669 3574 hoc,
693 3499 771 3556 tum
796 3508 838 3556 ex
859 3481 1068 3557 definitione
1086 3485 1183 3557 nimb

164 3599 266 3674 brevi
288 3603 399 3702 ipsius
412 3604 574 3692 Linnoei,
598 3607 770 3693 Mulieri,
792 3606 1002 3706 Hootteyn,
1022 3605 1182 3679 aliorum·

165 3749 236 3824 que
262 3724 520 3824 repetendum,
547 3743 679 3800 tumex
697 3753 739 3800 eo
759 3726 926 3826 quodvel
952 3729 1033 3829 ipse
1059 3730 1181 3829 Esper,

165 3848 227 3946 qui
254 3872 336 3919 eum
353 3867 603 3950 praecesserat,
621 3851 778 3943 notavit,
806 3848 1092 3952 conjungendam
1109 3875 1181 3925 cum

163 3971 380 4071 modrepora
406 3997 596 4075 oeropra,
623 3973 880 4074 madrcpornm
904 3980 1118 4052 rotulorum.
