2716 4694
1044 338 1090 439 ³7

56 456 170 531 t'otins
184 459 454 554 gorgoniaram
471 455 633 556 generis,
647 453 713 528 sed
736 457 771 527 in
792 453 891 529 hisce
914 454 1091 556 adjunctis

58 595 136 652 tota
157 578 338 650 contineri
360 575 472 650 debet
494 578 643 677 quaestio
666 575 712 650 de
734 577 942 651 cellularum
963 596 1091 651 natura

56 699 157 796 alia,
182 716 292 800 atque
319 699 386 771 alia
412 716 522 800 prout
550 698 595 772 de
632 705 810 788 eanicea,
837 699 892 774 vel
927 707 1092 775 muriceo

57 823 199 922 agitur3
226 820 387 921 alioquin
411 837 466 893 tot
492 846 625 921 genera
662 820 835 894 inducere
873 820 1090 896 deberemus

58 960 153 1045 quot
177 941 291 1016 ferme
317 959 402 1016 sunt
425 956 663 1031 astroearum,
685 960 794 1042 atque
819 949 1092 1017 sarcinularum

60 1066 219 1168 species.
244 1063 348 1138 Adeo
373 1091 488 1167 porro
514 1089 637 1137 verum
664 1081 720 1138 est
748 1073 970 1163 gorgoniam
1007 1093 1091 1139 cnm

54 1191 215 1261 corallio
234 1211 311 1258 non
334 1187 543 1277 convenire,
564 1203 605 1258 ut
647 1186 893 1284 daremberg,
920 1189 984 1287 qui
1011 1212 1092 1260 earn

54 1308 95 1381 in
121 1309 213 1380 mari
237 1305 350 1380 rubro
376 1308 620 1408 investigavit,
646 1334 780 1380 novum
806 1333 916 1408 genus
944 1333 986 1380 ex
1010 1309 1091 1410 ipsa

57 1431 287 1505 constituerit
300 1487 312 1524 ‚
337 1427 435 1529 quod
462 1427 548 1501 dixit
572 1435 875 1528 pterogorgiam,
901 1432 952 1502 uti
979 1456 1089 1532 supra

58 1552 274 1626 notavimus.
299 1550 471 1622 Primitus
500 1549 654 1650 Golcffict
675 1557 868 1646 gorgonia
889 1549 1091 1652 fragmenta

56 1676 94 1748 in
122 1675 244 1748 stratis
272 1672 467 1775 geologicis
494 1673 648 1773 reperiri
674 1670 819 1766 docuit,
846 1698 957 1772 quum
984 1690 1090 1746 antea

59 1797 171 1871 altum
196 1795 266 1869 hac
293 1795 338 1869 de
364 1821 405 1867 re
432 1793 613 1868 silentium
637 1792 745 1867 fiterit
766 1812 966 1888 servatum3
988 1823 1091 1868 accu-

54 1935 155 1993 ratus
177 1915 357 2018 siquidem
377 1918 613 2016 investigator
629 1923 850 2014 gorgoniam
872 1918 909 1989 in
930 1918 1088 1991 dolomia

58 2038 255 2138 thuringiae
280 2036 392 2112 semel
417 2040 622 2137 iterumque
646 2039 823 2138 cognovit.

110 2162 190 2254 Qua
216 2177 342 2252 aetate,
370 2176 407 2234 et
439 2177 530 2260 quot
558 2161 701 2261 species
740 2160 978 2261 agnoscendae
1017 2162 1089 2236 sint

60 2288 98 2358 in
124 2285 284 2358 dolomia
310 2308 385 2355 non
409 2281 504 2355 bene
531 2283 628 2355 inter
654 2298 820 2356 auctores
848 2284 1031 2376 convenit3
1049 2300 1087 2356 et

59 2408 266 2504 Baogniart
286 2405 344 2502 (r)
367 2429 447 2476 eam
472 2401 516 2475 ad
539 2403 674 2477 calcem
696 2402 824 2504 gallice
845 2404 1086 2493 carbonatee,

59 2553 143 2629 quae
167 2526 344 2601 adstrata
365 2528 536 2628 primaeva
560 2527 739 2625 pertinet,
761 2541 935 2623 provocat
956 2525 1031 2621 (2),
1050 2542 1088 2598 et

62 2649 203 2745 album,
221 2647 277 2723 vel
295 2650 521 2723 cineraceum
544 2646 705 2720 colorem
722 2643 875 2718 exhibet.
892 2647 975 2720 Una
991 2649 1088 2720 mica

61 2776 99 2846 in
128 2796 236 2847 causa
260 2769 330 2845 suit
367 2798 431 2847 our
466 2769 616 2843 lamellis
656 2771 706 2844 sit
742 2771 963 2869 composita3
989 2767 1088 2843 idem

62 2892 179 2968 serme
205 2891 387 2966 sentiebat
413 2908 597 2994 geometra
622 2891 738 2984 Ηαιῖγ
764 2889 832 2988 (3).

111 3012 220 3089 Aliud
245 3013 379 3115 placuit
403 3012 686 3102 Data-Beate,
712 3029 822 3112 atque
859 3013 972 3087 Ronet
984 3072 995 3107 ‚
1023 3017 1089 3113 qui

61 3139 310 3213 recentiorem
324 3153 466 3212 aetatem
481 3137 597 3208 eidem
612 3133 769 3208 tribuere
780 3135 856 3233 (4),
869 3138 954 3236 quin
968 3151 1089 3210 tamen

62 3262 209 3362 igneam
232 3260 396 3334 dolomate
424 3259 599 3360 originem
624 3258 845 3359 negaverint.

87 3570 132 3646 (ι)
147 3573 268 3629 Diction.
288 3575 333 3628 det
350 3574 444 3626 scienc.
464 3578 572 3638 natan,
592 3582 651 3623 tom.
672 3568 716 3635 13,
734 3588 794 3641 pag.
813 3566 871 3636 410.

144 3661 241 3721 'fraite
258 3662 334 3715 elim.
353 3664 385 3716 de
402 3661 587 3730 mine'ralogic‚
607 3671 667 3710 tom.
689 3677 719 3724 1,
736 3677 797 3729 pag.
815 3659 873 3708 231.

90 3750 134 3822 (a)
149 3748 271 3805 motion.
290 3751 352 3816 cit,
372 3762 430 3804 tom.
448 3752 483 3815 8,
501 3768 561 3820 pag.
580 3749 647 3813 310,
667 3755 692 3799 et
709 3758 769 3799 tom.
787 3745 839 3813 34,
857 3762 916 3815 pag.
937 3744 993 3796 251.

89 3840 133 3911 (3)
149 3838 242 3895 Traitt
258 3841 291 3894 de
306 3841 427 3894 mineral.
457 3858 467 3890 1
488 3851 514 3890 et
531 3855 545 3889 n
565 3836 643 3900 edit,
663 3846 722 3887 tom.
744 3853 771 3901 1,
790 3852 849 3905 pag.
868 3832 926 3900 409.

91 3930 135 4013 a)
149 3928 260 3984 manuel
277 3931 373 3999 gdolog.
392 3947 440 3997 par
457 3929 556 3997 Henry
573 3924 769 3989 De-la-Bdclre,
790 3940 846 3993 pag.
865 3920 924 3988 405.

148 4017 240 4074 snite
259 4018 292 4073 de
309 4019 406 4088 ge'olog.
426 4035 474 4086 par
491 4018 590 4082 Rozet,
609 4032 666 4085 pag.
685 4014 743 4082 309.
