2716 4694
409 452 704 519 ANTIPATHES
732 454 940 518 SERIALIS
1138 338 1187 431 ⁴3

430 628 532 676 soors
559 603 685 696 (Tab.
718 630 753 692 1,
764 604 838 701 fig.
866 605 923 702 2)

246 769 429 853 Antipatbes
449 787 597 844 ramosa,
619 770 678 829 axi
696 770 790 847 spinis
807 771 954 852 plurimis
979 770 1096 853 longis,

390 875 423 935 in
444 875 531 935 lineis
553 874 828 956 longitudinaiibus
848 877 958 958 signat.

204 1019 388 1094 Habitat.
415 1076 425 1092 .
453 1075 462 1093 .
489 1023 687 1123 Reperitur
713 1025 773 1096 cit.
799 1018 871 1096 loc.

205 1147 302 1218 Mus.
343 1144 491 1218 Taurin.
532 1144 707 1220 Collectio
732 1144 941 1243 Bactara,
966 1147 1160 1223 Mareskol
1172 1204 1188 1239 ,

153 1266 378 1342 Mzehelotti.

409 1388 701 1454 ANTlPATnEs
731 1391 945 1456 VETUSTA

625 1565 726 1613 ttoals

155 1704 341 1789 Antipatises
353 1703 586 1789 simplicissimo,
593 1702 773 1782 rotundatu,
781 1704 930 1787 levigato,
936 1724 1033 1789 parce
1043 1723 1184 1778 ramosa,-

190 1830 256 1871 ατο
276 1809 425 1892 cylindris
441 1811 605 1895 plurimis,
623 1812 807 1896 perspicuis,
828 1808 960 1872 adnexis
979 1813 1157 1896 composito.

204 1937 298 2009 Haec
319 1937 463 2037 species
485 1962 560 2009 non
584 1951 625 2009 ut
646 1937 750 2039 prior
770 1938 892 2038 spinas
915 1938 1010 2039 gerit
1030 1938 1068 2009 in
1089 1935 1188 2010 ordi-

158 2082 246 2129 nem
264 2054 478 2158 dispositas,
493 2082 615 2158 neque
637 2059 807 2130 continua
824 2055 916 2131 adeo
932 2059 1082 2131 materia
1098 2084 1190 2161 prae·

158 2194 246 2269 stat,
272 2195 313 2251 ut
337 2181 438 2252 cerni
464 2177 538 2278 ejus
565 2180 635 2252 axis
662 2180 877 2282 compositio
911 2197 1092 2281 nequeat3
1120 2179 1188 2254 sed

159 2302 281 2372 omnia
296 2317 407 2373 strata
420 2327 502 2400 quae
516 2298 607 2374 hanc
623 2303 784 2402 speciem
797 2302 1022 2374 constituunt
1037 2300 1189 2374 visibilia

157 2439 260 2516 sunt,
279 2438 315 2493 et
336 2438 511 2522 praeterea
533 2448 579 2495 ne
601 2449 710 2495 unam
730 2421 881 2522 quidem
901 2420 1013 2495 babet
1034 2423 1188 2522 spinam.

158 2545 244 2618 Non
277 2541 401 2615 dubito
435 2546 523 2643 quin
554 2543 671 2644 aliqua
702 2543 844 2644 species
878 2543 1034 2644 reperiri
1071 2545 1190 2644 possit

159 2692 243 2766 quoe
280 2663 362 2738 huic
396 2664 525 2739 referri
563 2682 700 2767 queat,
740 2663 807 2739 sed
842 2691 924 2738 oum
958 2662 1017 2738 hic
1050 2667 1187 2738 externi

157 2814 282 2862 omnes
309 2786 534 2862 characteres
562 2786 748 2882 deficiant,
774 2786 864 2861 nibil
889 2786 1041 2890 amplius
1068 2790 1185 2888 quaeri
1231 2836 1234 2841 <

157 2927 279 3013 potest
304 2937 413 3011 quam
439 2910 484 2984 de
512 2909 586 3012 ejus
613 2937 676 2984 axe
689 2970 701 3007 ‚
727 2926 768 2985 ut
793 2927 830 2983 et
855 2912 892 2983 in
917 2908 1112 3011 prioribus.

207 3031 358 3106 Habitat
372 3086 472 3105 .....
495 3033 694 3133 Reperitur
718 3035 756 3106 in
782 3031 912 3128 Italia,
938 3049 976 3106 et
1001 3033 1186 3135 praecipue

158 3155 195 3228 in
221 3153 314 3228 colle
341 3155 567 3229 Taurinensi.

208 3279 303 3351 Mus.
330 3276 479 3350 Taurin.
506 3276 654 3350 Collect.
681 3276 898 3352 Michelotti.

481 3441 724 3506 ANTIPATHES
746 3440 867 3503 HlttTt

412 3614 513 3661 soors
552 3592 577 3682 (
591 3589 682 3663 Tob.
714 3614 727 3660 1
747 3645 758 3682 ,
770 3589 843 3685 fig.
871 3587 892 3659 3
914 3589 931 3685 )

161 3753 199 3817 A.
219 3755 341 3834 vitrea,
364 3753 523 3835 laevigata,
541 3772 637 3837 poree
659 3771 805 3831 ramosa,
821 3756 918 3813 ramis
938 3754 1025 3814 rectis
1046 3755 1190 3835 ineurvis,

235 3860 328 3944 spinis
348 3862 459 3938 acatis,
481 3862 594 3942 sparsis
615 3859 742 3919 alternis
763 3863 898 3939 mrtnita,
918 3857 1116 3920 solidissimo.

207 3992 412 4069 Habitat...
426 3994 623 4096 Reperitur
637 3996 674 4067 in
688 3991 837 4070 collibus
850 3994 1021 4070 Dertonae
1035 4008 1072 4068 et
1089 3991 1185 4067 alibi.
