2716 4694
169 285 222 391 96

167 405 302 497 inveni,
327 405 435 509 igitar
470 430 544 480 non
570 412 679 499 extat,
714 404 930 511 plerumque
956 404 1179 483 fondamento

162 545 290 624 earet;
315 554 389 603 non
416 544 578 604 extarent
597 553 726 604 revera
739 530 770 603 si
796 526 835 603 id
860 526 1047 631 probabili
1063 530 1186 605 ratione

167 649 306 727 firmari
331 667 475 754 posset,
500 667 538 724 at
562 648 623 723 ubi
656 647 781 726 deficit
805 652 927 745 ratio,
951 648 1088 727 fmmtra
1113 653 1187 727 affir-
1223 700 1229 725 t

166 773 326 850 mabitur
351 771 451 874 qnod
475 773 602 874 negari
620 789 756 875 potest.

218 897 301 972 Non
327 892 466 969 inficiat
491 892 637 996 longam
657 892 975 999 investigationem
1007 911 1118 998 atque
1142 921 1187 969 ae·

168 1034 332 1094 curatum
357 1014 519 1093 studium
544 1017 711 1094 sufficere
737 1015 784 1093 nd
810 1016 1087 1119 cognoscendos
1114 1015 1186 1093 cha·

168 1156 331 1215 raeteres
357 1141 561 1242 praecipuos
588 1136 731 1242 cujusve
744 1136 1004 1243 semustionin
1027 1166 1103 1241 quo
1128 1157 1188 1215 ten·

168 1262 261 1338 dunt
295 1257 556 1365 plerorumque
595 1277 746 1337 conatus
759 1316 773 1355 ,
796 1248 924 1335 rerum
967 1279 1095 1336 cetera
1126 1286 1188 1337 non

169 1381 362 1459 excludunt
386 1380 638 1485 frequentiora
675 1381 917 1480 documenta,
937 1383 970 1458 si
991 1382 1122 1459 hornm
1141 1409 1187 1459 re·

169 1522 301 1609 spectu
344 1502 538 1581 concordis
592 1506 715 1609 vigeat
749 1520 937 1609 exoptatus
969 1508 1188 1609 ,scriptorum

168 1654 382 1705 consensus.
989 1724 995 1737 ·

216 1752 288 1827 Hie
312 1753 421 1827 etiam
455 1747 621 1825 refellere
647 1775 722 1824 non
742 1765 847 1826 vacat
870 1750 1100 1852 quorundam
1121 1753 1186 1855 opi·

167 1876 317 1949 ninnem
331 1875 393 1975 qui
404 1876 637 1962 ammonites,
658 1877 859 1960 sanates,
878 1871 1064 1975 scaphites
1082 1872 1187 1948 adhue

166 1997 305 2070 nostris
328 1994 555 2098 temporibus
575 1997 699 2098 vigere
730 2011 916 2069 autumant
936 1997 1060 2071 in'vis'is
1081 1999 1187 2098 regie·

166 2115 353 2219 gionibus‚
376 2134 487 2219 atque
509 2119 545 2190 in
568 2119 709 2191 viscera
730 2119 901 2212 marium;
924 2118 966 2191 iis
993 2120 1112 2212 enim,
1134 2120 1188 2222 qui

166 2238 269 2315 obiiti
290 2265 410 2343 nuper
431 2256 631 2314 memorato
653 2237 827 2341 geologioe
849 2256 1040 2343 praecepto
1048 2240 1186 2342 formo·

166 2370 326 2453 tionum,
348 2378 602 2464 tempestates,
624 2359 771 2454 fluctus,
793 2362 926 2437 insulas
956 2388 976 2436 e
998 2365 1093 2435 mari
1116 2391 1187 2465 pro-

167 2485 348 2581 deuntes,
371 2487 543 2587 princeps
567 2510 672 2586 aquae
689 2481 791 2556 filum
804 2543 815 2579 ,
849 2511 1045 2586 corporum
1069 2511 1186 2558 eorun-

166 2607 250 2683 dem
272 2604 483 2710 specificam
500 2605 641 2706 pondus
656 2605 717 2679 ubi
736 2623 895 2680 testacea
917 2606 1032 2681 soluta
1056 2608 1101 2680 ab
1117 2611 1184 2682 ani·

163 2730 343 2806 mantibus
366 2731 469 2821 sint,
498 2755 694 2830 perperam
718 2756 895 2830 opponas.

413 2891 584 2955 FUNGIA
606 2893 948 2956 HEMIPHAERICA

459 3042 628 3094 nnnaners
651 3021 875 3120 (cyclolites
893 3023 909 3119 )

166 3165 290 3244 Fungia
325 3162 526 3240 orbiculato,
556 3184 683 3246 superne
719 3185 877 3225 convexa:
913 3167 1026 3227 lacuna
1062 3165 1184 3228 centrali

204 3270 354 3350 oblonga3
377 3268 467 3328 stella
489 3272 658 3329 tenuissime
682 3271 855 3331 lansellosa.

179 3377 340 3438 Loinarelt.
368 3376 443 3435 Hist.
465 3373 519 3436 des
541 3378 632 3435 anim.
656 3377 761 3438 invent.
785 3390 856 3438 tons.
881 3398 910 3436 2.
930 3398 1006 3460 pag.
1028 3376 1101 3460 367.

179 3483 373 3544 Sclseochzer.
395 3481 578 3541 Herbarium
601 3480 745 3543 diluvian.
768 3495 840 3543 tom.
867 3486 913 3544 13.
923 3483 986 3568 fig.
1014 3507 1039 3546 1.

181 3585 323 3668 Goldsun
349 3586 519 3647 Petresacta
551 3587 726 3649 Genneniae.
747 3609 822 3672 pag.
845 3588 896 3666 48.
919 3592 981 3652 tab.
1010 3593 1054 3668 14.
1076 3589 1125 3674 ng.
1146 3591 1172 3652 6.

180 3693 314 3753 Fischer.
336 3689 480 3771 Bibliogr.
503 3692 641 3773 pnlaeont.
661 3715 735 3778 pag.
758 3697 830 3777 339.

179 3801 266 3860 Lino.
288 3798 395 3880 Esper.
417 3798 519 3859 Petris.
541 3799 604 3860 tab.
632 3822 656 3859 1.
672 3800 729 3883 fig.
757 3822 768 3860 1
796 3833 814 3848 -
837 3803 885 3874 3(
889 3802 1026 3886 madrep.
1038 3805 1182 3886 porpita).

214 3945 398 4047 Cuperem
419 3963 458 4022 ut
471 3947 506 4022 in
517 3946 582 4023 hac
607 3951 728 4048 specie
752 3949 941 4026 inferiores
965 3950 1089 4026 circuli
1112 3976 1185 4024 con·
