2716 4694
171 334 219 408 9⁰

166 433 258 503 ratio
275 455 346 504 non
374 455 501 532 purum
524 427 690 531 proderit
717 425 762 500 ud
780 429 1012 531 propositum
1032 443 1179 503 nostrum

171 551 415 627 dirimendum
437 550 498 626 ubi
516 568 666 653 agentes
693 550 740 624 de
765 549 971 626 turbinolioe
994 567 1033 625 et
1056 575 1179 651 caryo-

161 674 317 778 pluyllioe
342 674 564 764 discrimine,
591 699 663 747 nou
686 671 779 747 hono
805 675 930 768 unice,
955 675 1009 748 uti
1031 672 1183 777 plerique

167 801 346 890 sentiunt,
374 795 632 871 attendendam
654 821 735 871 esse
761 797 940 870 rationem
965 792 1038 897 jum
1055 794 1186 898 pridem

165 922 381 994 monuimus.

215 1042 372 1142 fungire
390 1040 619 1116 characteres
647 1055 940 1144 prosequentes,
966 1039 1033 1116 abs
1059 1066 1101 1116 re
1122 1064 1185 1114 nou

165 1167 237 1241 erit
274 1163 465 1269 providam
497 1165 621 1261 Goldst
653 1166 871 1239 sententiam
907 1160 1054 1239 firmare
1080 1161 1188 1263 (licet

162 1287 291 1364 eadem
307 1286 465 1365 Fischer
490 1286 810 1390 displicuerit(r))
832 1287 897 1388 qui
918 1287 1058 1388 primus
1074 1291 1187 1385 cyclo

162 1417 260 1484 lr‘tem
269 1409 419 1514 fungire
444 1437 513 1514 per
538 1412 657 1485 omnia
681 1407 796 1483 ferme
813 1408 953 1502 accedi,
980 1408 1189 1512 posuit3.(a):

166 1534 267 1637 quod
291 1562 337 1609 uo
363 1552 403 1610 et
429 1551 606 1636 quatenus
633 1559 759 1607 verum
781 1534 829 1607 sit
853 1534 891 1607 in
916 1534 1048 1635 primis
1075 1530 1190 1607 videa.

163 1685 257 1751 mus,
270 1675 307 1733 et
320 1660 494 1761 optimam
506 1656 655 1758 quidem
669 1681 750 1731 esse
762 1657 940 1730 rationem
951 1680 995 1729 ex
1004 1657 1190 1759 utriusque

164 1782 308 1884 generis
336 1782 606 1883 comparatione
629 1778 777 1852 ductum
797 1805 906 1855 meno
929 1805 1003 1855 nou
1024 1792 1188 1855 autumat.

212 1903 444 2006 Polyparium
479 1901 686 2004 lapideum,
717 1900 896 1998 liberum,
930 1901 1190 1997 orbiculatum,

163 2012 232 2099 vel
246 2024 465 2127 ellipticum,
491 2026 620 2126 incipit
643 2025 827 2100 lemorel
837 2081 852 2115 ,
873 2029 1084 2125 cyclole'tem
1108 2021 1190 2100 deli·

163 2147 293 2242 niens,
320 2145 387 2221 sed
412 2145 488 2223 haeo
515 2147 635 2222 omnia
653 2147 802 2251 firngim
827 2174 933 2250 aeque
966 2175 1009 2222 uc
1034 2152 1192 2250 cyrlolr'ti

164 2273 403 2366 conueniunt,
429 2271 498 2345 nisi
525 2269 624 2372 quod
646 2269 888 2374 simplicitatis
910 2287 1034 2346 notum
1055 2296 1100 2346 ex
1124 2269 1190 2374 gal-

163 2391 234 2466 lico
263 2396 443 2495 scriptore
470 2393 629 2496 effugere
658 2393 801 2467 videtur
825 2399 1017 2493 cyololites
1030 2428 1046 2486 ,·
1072 2393 1140 2470 sed
1161 2393 1189 2468 si

163 2514 435 2619 perpendamus
462 2541 591 2591 revera
628 2515 851 2590 lamellarum
885 2515 1188 2618 dispositionem,

163 2637 253 2711 nihil
276 2642 481 2741 supererit,
503 2666 569 2712 cur
590 2640 813 2742 comparatio
835 2639 1140 2738 interfungiam,
1157 2654 1190 2714 et

162 2768 369 2863 cyclolitem
396 2779 551 2836 corruat.
573 2763 738 2863 Superne
751 2769 942 2858 cyclolites
964 2761 1190 2864 polyparium

164 2901 222 2959 est
246 2909 440 2958 convexum
463 2901 500 2957 et
521 2883 765 2978 lamellosum3
784 2901 909 2958 centro
931 2883 1188 2979 sublaeun0s03

163 3022 200 3078 at
227 3007 573 3108 praeterquamquod
602 3023 638 3080 et
663 3004 894 3081 sublacunosi
917 3009 1033 3080 centri
1054 3033 1188 3082 nomen

164 3130 356 3202 conveniat
381 3155 528 3230 quoque
552 3128 724 3230 fungiis,
752 3133 806 3202 vix
838 3128 917 3204 haee
944 3146 1030 3203 nota
1057 3129 1188 3204 attendi

164 3249 298 3343 debet3
326 3276 452 3324 omnes
480 3255 598 3325 sciunt
634 3252 819 3326 stellarum
845 3269 970 3326 centra
997 3251 1187 3355 polypariis

161 3371 378 3446 lamelliseris
406 3372 571 3446 lacunam
594 3373 774 3476 praebere.
798 3374 929 3466 Quoad
950 3374 1092 3449 stellam
1113 3376 1187 3448 uni-

163 3523 262 3590 cam,
280 3495 518 3592 lamellosam,
541 3522 736 3595 supernam
757 3496 988 3600 superficiem
1014 3526 1188 3601 occupan-

163 3636 264 3713 tem,
301 3617 451 3694 lamellis
490 3621 739 3716 tenuissimis,
779 3623 929 3722 integris
973 3622 1165 3724 praeditam
1175 3679 1186 3717 ,

164 3740 316 3818 eandem
342 3740 515 3818 habemus
545 3747 654 3819 etiam
679 3747 715 3818 in
727 3744 882 3844 fungia.

167 3928 210 3999 (ι)
228 3929 346 3980 Fischer.
366 3927 491 3996 Bibliogr.
512 3933 652 4000 palcontol.
671 3931 751 3984 enim.
771 3949 831 4000 pag.
852 3931 910 3982 336.

168 4019 209 4087 (a)
230 4016 346 4085 Golrffics.
367 4015 513 4071 Prtrcfacta
532 4019 691 4075 Germaniae.
706 4020 811 4071 articul.
825 4017 944 4088 fungire.
