2716 4694
161 429 458 533 caryopbylliu,
480 428 537 504 vel
563 427 662 532 quod
696 427 794 504 idem
831 444 888 504 est
922 344 1226 537 catyoptyttlal

164 556 206 627 in
231 557 390 628 oculinis
411 568 594 646 cerneret3
612 578 695 625 uam
711 549 933 627 adhaerentia
955 557 1102 658 triginta
1122 584 1197 633 non
1221 542 1228 549 ⁶

163 673 283 749 dicam
308 673 520 776 speciebus,
545 672 611 748 sed
625 673 820 776 generibus
847 674 974 749 saltem
1001 681 1193 776 couvenit;

164 796 264 871 uude
290 814 430 871 veteres
452 784 757 899 mudreporarum
777 799 977 871 sectionem
992 801 1086 872 inter
1107 803 1193 874 sim·

164 917 282 1022 plices
308 936 345 993 et
362 920 580 1019 compositas
607 919 664 992 rix
687 945 729 992 ac
755 944 801 991 ue
827 919 885 992 vix
907 918 1058 1021 quidem
1079 947 1193 1023 agno·

162 1057 310 1133 verunt3
336 1038 530 1114 similitudo
557 1054 676 1113 autem
702 1039 886 1114 stellarum
911 1066 977 1114 nos
1005 1040 1049 1116 ad
1073 1049 1190 1121 surci-

165 1168 277 1234 mdas
302 1187 417 1262 usque
435 1161 607 1256 ducerct3
631 1161 762 1235 deiude
784 1161 1025 1264 improbabile
1047 1168 1195 1240 omnino
1291 1264 1294 1269 ι

167 1301 226 1357 est
247 1287 337 1357 tanti
360 1286 512 1358 nominis
531 1302 716 1358 auctorem
729 1285 773 1358 ad
792 1285 870 1359 baec
888 1289 1103 1361 nominatim
1119 1315 1194 1365 res·

163 1408 307 1508 pexisse
329 1405 523 1507 ;‘alioquin
549 1433 634 1479 vero
660 1407 965 1509 caryopluylltirs,
993 1436 1083 1509 quas
1110 1436 1194 1484 cum

163 1533 323 1602 oculint's
345 1532 537 1601 convenire
562 1526 707 1621 fatetur,
727 1531 764 1599 in
781 1555 912 1601 novum
934 1555 1047 1628 genus
1063 1531 1194 1606 antlto·

157 1649 331 1753 phyllum
349 1649 486 1752 abipso
501 1648 705 1744 inductum,
724 1648 916 1752 disponere
931 1677 1055 1723 ausum
1071 1651 1192 1728 luisse.

162 1775 213 1846 At
238 1771 285 1846 de
312 1771 410 1846 hisce
436 1773 548 1861 satis,
575 1769 825 1844 definitionem
850 1770 1089 1864 attendamus,

214 1891 446 1995 Polyparium
472 1890 673 1992 lapideum,
694 1889 819 1988 lixum,
844 1895 895 1966 uit
914 1894 1193 1986 Lamurck5no·

163 2030 242 2089 tum
269 2031 326 2088 est
350 2013 445 2088 banc
472 2015 736 2115 proprietatem
755 2013 1069 2116 caryopltyllioein
1083 2043 1192 2092 causa

163 2134 276 2210 fuisse
286 2193 299 2232 ,
326 2162 391 2210 our
404 2137 609 2211 turbiaoltie
630 2122 924 2238 ucaryopluylliu's
941 2154 1190 2235 secernentur,

163 2272 202 2332 et
212 2315 225 2353 ,
251 2283 333 2332 cum
359 2257 542 2360 peculiare
568 2283 741 2358 organum
766 2259 802 2329 in
823 2255 901 2330 basi
925 2259 1191 2359 curyophyllioe

162 2377 283 2453 locum
309 2376 444 2452 babere
471 2380 748 2473 autumaverint,
772 2378 976 2452 turbinolue
997 2395 1035 2451 et
1056 2405 1189 2480 caryo-

157 2498 312 2604 plyttiae
334 2498 542 2574 discrimina
565 2514 758 2600 augerent,
779 2515 890 2598 atque
915 2495 1188 2599 amplificarent.

214 2621 327 2714 Item,
350 2647 462 2722 quum
483 2645 690 2696 sermonem
711 2617 884 2693 habemus
904 2615 951 2692 de
969 2619 1188 2722 caryopltyl·

161 2747 219 2816 tots
253 2768 451 2843 earumque
485 2740 684 2834 divisione,
711 2739 861 2813 dubium
893 2757 1072 2837 nonest,
1100 2744 1189 2844 quin

162 2862 258 2966 juxta
291 2863 473 2964 vulgarem
511 2862 641 2965 agendi
678 2888 817 2937 morem
831 2920 844 2958 ,
869 2860 1053 2939 distinctio
1091 2865 1189 2940 inter

162 2986 438 3087 curyopluyllias
454 2986 569 3088 stirpe
584 2984 758 3080 solitaria,
771 3001 809 3059 et
822 2985 1097 3087 carpophylltits
1108 2989 1190 3063 stir-

162 3134 212 3213 pe
228 3107 384 3209 implexa
401 3106 590 3208 praeditas,
608 3109 744 3208 optima
760 3109 826 3201 sit3
844 3126 1090 3183 verumtamen
1106 3106 1189 3212 jure

165 3229 273 3305 durat
301 3228 505 3324 dubitatio,
535 3227 599 3302 ubi
631 3229 855 3304 fasciculatas
887 3231 1006 3325 inter,
1034 3247 1073 3303 et
1104 3255 1189 3323 eas,

165 3378 249 3455 quae
275 3377 429 3426 ramosae
452 3349 698 3425 tantummodo
720 3369 822 3447 sunt,
843 3353 1067 3452 comparatio
1087 3353 1191 3425 insti·

164 3490 305 3564 tuarum
333 3498 401 3546 nee
427 3473 518 3546 ratio
545 3470 719 3568 obscura,
742 3475 922 3574 quianon
944 3470 1034 3546 adeo
1056 3470 1191 3573 liquet,

164 3594 363 3697 quotuplici
381 3592 448 3668 sub
470 3611 641 3697 respectu
656 3619 741 3667 vere
763 3592 969 3669 fasciculata
984 3592 1057 3669 dici
1074 3596 1192 3699 possit

162 3715 442 3818 caryopltyllti13
467 3719 520 3791 sic
544 3713 801 3817 emyophyttia
825 3721 991 3791 solitunit
1015 3744 1037 3790 a
1058 3741 1192 3817 caryo-

157 3836 302 3940 phylltir
340 3838 540 3912 arbuscula
576 3835 680 3912 facile
710 3833 964 3938 distinguitur,
990 3853 1110 3913 tamen
1144 3832 1192 3908 ab

163 3960 231 4036 bac
254 3961 450 4063 posteriori
460 3960 685 4058 flexuosam
706 3981 898 4036 secernere
918 3984 995 4036 uon
1014 3958 1065 4034 ita
1083 3954 1190 4033 facile
