2716 4694
263 333 313 409 3⁴8

309 451 614 541 Distinctionibns
643 466 698 526 est
719 446 932 524 resolvenda
951 446 1121 548 questio,
1138 470 1225 519 nam
1238 438 1293 520 rei

261 579 336 678 agis
360 575 405 649 de
429 600 471 647 ea
492 575 657 666 dolomia,
681 597 760 674 quae
782 569 1069 645 cristallisatione
1092 569 1292 643 eminenter

261 697 375 802 pollet
401 714 437 770 et
464 696 645 769 albissima
671 713 744 788 est,
765 693 822 768 vel
847 692 892 765 de
920 691 995 765 aliis
1022 692 1194 766 dolomioe
1217 714 1291 790 spe·

263 820 412 913 ciebus3
439 819 541 920 prior
567 816 610 888 ad
637 833 747 890 strata
780 841 854 888 non
886 812 1078 888 sossilifera
1108 813 1292 914 pertinere

261 938 528 1045 proculdubio
556 937 686 1031 debet3
713 936 813 1038 quod
839 938 869 1010 si
895 952 1021 1037 agatur
1045 933 1090 1007 de
1118 933 1199 1007 aliis
1228 935 1290 1006 do·

263 1067 379 1137 lomri's
400 1063 452 1135 uti
474 1059 634 1133 indicant
656 1077 779 1152 strata,
797 1085 880 1160 quae
903 1056 1040 1131 eisdem
1061 1055 1232 1154 subsunt,
1247 1057 1293 1130 vi·

266 1184 397 1257 dentur
423 1187 608 1256 ooliticam
635 1198 779 1256 aetatem
801 1179 1018 1282 praeseferre
1046 1205 1158 1280 quum
1192 1178 1295 1280 origi·

258 1331 342 1378 nem
363 1307 506 1406 igneam
528 1305 716 1376 retineant.
726 1303 907 1376 Caeterum
918 1299 996 1374 haec
1017 1318 1071 1375 est
1093 1301 1293 1374 communia

259 1428 384 1526 opinio
412 1452 494 1528 quae
521 1425 681 1526 alioquin
707 1424 928 1526 refragatur,
955 1422 1055 1524 quod
1085 1425 1125 1496 in
1152 1424 1291 1526 Spedt'a

263 1550 422 1623 Guidoni
447 1549 591 1621 notavit.
618 1545 726 1621 Unde
754 1563 969 1646 sequeretur
994 1548 1025 1620 si
1052 1571 1153 1638 eum,
1179 1561 1288 1647 atque

261 1668 521 1744 De-la·Beelae
548 1667 731 1742 audiamus
758 1693 863 1767 aeque
890 1670 1072 1769 priorem,
1094 1694 1136 1741 ac
1165 1683 1289 1770 poste·

258 1794 394 1866 riorem
416 1794 579 1866 dolomice
600 1807 764 1863 naturam
786 1787 830 1863 ad
853 1795 1039 1862 oolitieam
1060 1805 1210 1864 aetatem
1234 1791 1288 1863 in·

261 1913 533 1988 discriminatim
560 1915 765 2014 pcrtinere3
786 1910 853 1986 sed
875 1907 943 1984 hoc
965 1909 1053 1983 nibil
1078 1927 1176 1985 vetat
1204 1936 1290 2012 quo·

260 2039 376 2110 minus
402 2037 506 2109 variis
534 2034 757 2137 temporibus
782 2038 939 2110 dolomia
963 2033 1158 2136 prodierit,
1181 2050 1292 2137 atque

261 2175 373 2232 strata
398 2157 477 2259 plus
504 2160 665 2231 minusve
692 2161 890 2233 vetustiora
915 2157 1155 2259 occupaverit.

310 2279 432 2354 Nolim
459 2297 579 2353 tamen
603 2297 643 2354 ut
669 2297 772 2382 putes
801 2281 930 2354 summi
954 2280 1132 2354 momenti
1159 2275 1285 2352 chara·

262 2419 400 2476 cterem
438 2429 540 2494 esse,
579 2405 641 2503 qui
670 2402 861 2477 deducitur
897 2429 938 2476 ex
976 2404 1154 2476 dolomia:
1180 2426 1286 2502 pecu·

259 2522 354 2598 liaris
382 2527 477 2598 enirn
505 2543 586 2620 est,
613 2543 720 2626 atque
743 2527 838 2598 inter
860 2543 970 2598 strata
992 2524 1180 2626 geologica
1203 2547 1287 2597 vere

259 2649 482 2747 proprieque
505 2647 600 2720 dicta
622 2647 741 2722 locum
768 2647 931 2721 obtinere
957 2674 1030 2720 non
1047 2663 1188 2748 potest:
1207 2673 1287 2749 pro·

255 2767 338 2840 vido
367 2787 485 2844 autem
512 2769 658 2843 consilio
688 2773 835 2858 Virlet,
863 2788 970 2870 atque
1001 2770 1100 2845 Bone*
1138 2774 1296 2843 monent

262 2889 461 2961 cavendum
489 2917 566 2963 esse
595 2916 640 2962 ne
662 2893 854 2964 dolomiam
876 2921 958 2966 cum
979 2898 1120 2966 calcari
1141 2918 1287 2991 magne-

257 3016 361 3082 riaeo
376 3010 657 3106 confundamus,
672 2995 754 3088 cum
777 3042 848 3117 quo
865 3042 962 3118 saepe
977 3017 1134 3090 dolomie
1152 3015 1286 3088 adnexa

258 3130 338 3203 fuit,
353 3134 395 3204 In
417 3141 559 3207 calcari
579 3144 812 3233 magnesiam
828 3139 912 3212 licet
929 3138 1123 3212 habeamus
1142 3153 1285 3211 aetatem

258 3240 478 3356 geologicam
503 3283 651 3330 coevam
672 3260 834 3335 dolomioe
844 3320 856 3357 ,
871 3279 991 3335 tamen
1012 3258 1157 3333 abunde
1181 3277 1286 3335 testa·

255 3403 337 3472 cea,
352 3377 559 3479 polyparia,
581 3378 763 3456 botanices
787 3383 1003 3457 documenta
1024 3385 1200 3456 miramur
1210 3439 1223 3476 ,
1246 3406 1288 3456 er

256 3524 328 3597 quo
364 3503 596 3600 consequitur
637 3506 867 3605 neptunianae
909 3506 1054 3606 originis
1094 3530 1176 3579 esse
1216 3503 1284 3578 cal-

259 3645 379 3692 carem
405 3628 692 3719 magneriocum,
719 3628 875 3700 dolomiu
900 3654 975 3700 non
1001 3629 1097 3699 item.

304 3741 398 3812 Dum
411 3743 531 3841 itaque
544 3747 734 3820 dolomiam
748 3747 911 3843 dicimus,
924 3766 1047 3841 strata,
1064 3775 1147 3850 quae
1165 3746 1283 3822 eidem

254 3861 388 3936 adnexa
408 3882 503 3961 sunt,
521 3859 598 3968 prae
617 3869 727 3946 oculis
744 3869 930 3965 habemus,
951 3870 1127 3974 quibusve
1145 3868 1282 3973 pluries

255 3983 402 4061 confusa
427 3991 620 4092 reperitur.
