2716 4694
1060 332 1105 411 ¹7

73 416 275 500 habeamus
296 439 467 525 tunquam
482 422 665 526 primaevae
684 422 799 501 aetatis
813 425 946 522 incola,
962 426 1107 531 cujusve

74 548 130 620 rei
156 545 279 647 quoad
303 545 509 647 geologiam
540 547 784 647 maximopere
815 547 975 649 optanda
1008 549 1105 626 soret

78 669 262 743 contraria
280 670 470 758 sententia,
483 694 593 768 quum
612 694 654 740 ea
671 667 717 740 ad
733 675 895 743 antoecis
913 671 1104 772 pertineat,

75 789 239 890 alioquin
262 815 347 861 vero
371 814 443 861 non
468 787 644 862 deliciunt
665 786 881 863 documenta
902 793 939 862 in
961 791 1107 894 polypa·

74 913 142 985 riis
162 914 268 983 insita
290 907 443 981 adhunc
461 907 613 981 classem
633 912 865 1009 pertinentia3
883 937 964 984 eam
986 930 1108 987 tamen

76 1058 152 1104 nou
174 1029 422 1104 desideramus
445 1010 484 1101 in¹
503 1029 725 1130 cataclysmis
743 1032 1005 1131 posterioribus
1022 1060 1106 1135 geo·

75 1152 200 1254 logiae3
225 1178 306 1224 nam
328 1169 465 1224 certum
488 1168 544 1224 est
569 1176 648 1224 eam
676 1154 833 1226 extitisse
859 1156 896 1226 iu
923 1155 1103 1230 dilutiano

75 1301 151 1348 aevo
174 1292 283 1376 atque
307 1291 485 1362 cretaceo,
506 1274 559 1345 uti
581 1272 716 1346 docent
738 1274 918 1376 exempla,
940 1302 1024 1379 quac
1044 1276 1106 1352 ha·

74 1395 205 1470 bemus
233 1399 270 1468 in
298 1397 438 1489 Svetia,
465 1397 500 1466 iu
528 1397 750 1492 Germania,
776 1412 813 1469 et
838 1396 932 1470 alibi.

126 1520 171 1590 Iu
209 1516 521 1605 diluvianaoetate
552 1535 673 1589 autem
706 1535 804 1591 certe
843 1516 948 1593 litora
984 1546 1105 1623 popu·

74 1639 171 1714 lasse
187 1665 255 1712 nos
275 1636 407 1713 docent
427 1655 538 1713 strata
560 1636 747 1739 geologica
768 1640 804 1710 in
821 1642 942 1713 Danu
959 1660 1105 1717 extensa

75 1788 234 1864 quaeque
246 1779 481 1835 memoratam
491 1778 691 1835 cretaceam
687 1760 953 1862 formationem
965 1780 1104 1866 tegunt,

75 1910 232 1985 quarum
247 1889 528 1957 sertularr'urum
543 1882 679 1982 aliquot
695 1881 895 1984 fragmenta
909 1883 995 1958 mihi
1009 1912 1105 1959 com·

75 2007 178 2078 misit
194 2005 486 2106 praeclarissimus
501 2005 555 2077 vir
570 2003 858 2081 Forelrltommer
878 2008 915 2078 in
936 2004 1005 2081 hoc
1021 2032 1104 2110 spe·

79 2127 215 2200 cimine
242 2125 364 2201 relata,

125 2246 287 2321 Numero
308 2273 395 2321 sane
417 2247 539 2350 plures
558 2270 637 2322 esse
650 2245 786 2322 debent
800 2254 1001 2323 sertulartoe
1017 2275 1101 2350 quae

73 2368 113 2442 iu
135 2368 330 2470 geologicis
354 2369 578 2443 documentis
602 2370 749 2461 adsunt,
766 2369 832 2443 sed
848 2397 960 2469 quum
978 2395 1103 2444 earum

74 2488 250 2590 fragilitas
277 2493 587 2564 conservationem
619 2489 794 2591 impediat
829 2490 886 2564 vel
921 2514 981 2563 eas
1019 2516 1102 2562 cor·

75 2628 241 2714 rumpat,
266 2630 307 2686 ut
334 2613 490 2714 plurieS,
517 2610 699 2713 quidhoc
725 2613 872 2683 nomine
897 2612 1016 2684 veniat
1044 2637 1103 2683 co-

77 2737 203 2834 gnosci
224 2752 401 2835 nequeat,
422 2734 565 2809 aliunde
587 2756 673 2807 vero
696 2759 808 2833 quum
829 2757 897 2805 nec
917 2758 989 2805 una
1014 2749 1103 2806 stra·

76 2873 198 2930 terum
228 2855 390 2952 indoles,
416 2883 499 2958 quae
525 2854 634 2930 modo
661 2857 794 2956 magis,
820 2852 928 2928 modo
959 2857 1101 2952 minus,

78 2976 188 3052 modo
211 2977 298 3051 nihil
319 2981 465 3053 omnino
485 2985 689 3052 sertularioe
710 2978 973 3051 conservationi
989 2976 1101 3074 favet,

79 3126 240 3202 pronum
264 3117 320 3174 est
345 3097 560 3173 concludere
585 3101 629 3173 iis
656 3098 905 3172 tantummodo
931 3100 968 3170 in
994 3096 1101 3192 locis,

80 3239 190 3323 atque
210 3219 384 3322 adjunctis
402 3219 529 3325 perfici
546 3247 656 3322 posse
673 3223 880 3322 specierum
899 3236 1103 3294 accuratam

79 3343 366 3444 descriptionem
400 3342 465 3416 ubi
501 3359 719 3419 memoratus
753 3355 976 3440 concurrat,
1008 3356 1101 3417 stra·

80 3481 201 3540 torum
228 3480 336 3566 atque
362 3465 502 3542 numeri
525 3461 636 3541 favor.
