2716 4694
1139 358 1184 434 9¹

207 451 303 529 Illud
324 458 448 557 itaque
469 470 657 550 remanet,
675 471 715 528 ut
737 453 781 528 de
804 452 972 528 inferiore
996 453 1189 556 superficie

158 601 366 652 sermonem
399 575 595 650 habeamus
609 611 620 670 ,-
648 592 779 676 atque,
802 573 869 647 hac
897 573 1105 650 difficultate
1131 602 1191 650 re-·

157 698 274 774 soluta
283 755 295 792 ,
312 697 573 801 nihil-amplius
591 696 836 771 definiendum
854 699 1060 800 supererit3
1078 724 1191 799 quum

158 820 294 924 aliquid
320 820 504 923 peculiare
529 823 736 894 necessario
763 819 859 894 adsit
885 836 1031 921 oportet
1062 822 1099 892 iu
1123 846 1190 922 cy·

158 950 282 1018 clolite
296 999 309 1037 ,
333 943 431 1017 unde
458 942 504 1017 ab
531 942 607 1016 aliis
635 941 829 1045 generibus
857 959 1106 1043 cognoscatur.

208 1067 279 1138 vix
327 1083 476 1141 eatenus
513 1064 716 1168 repetenda
754 1063 847 1138 mihi
883 1063 1068 1139 videretur
1105 1080 1191 1167 apta

159 1186 344 1262 distinctio
370 1191 468 1262 inter
491 1194 697 1290 eyclolitem
722 1205 760 1261 et
782 1185 986 1287 fitngiam,
1012 1203 1191 1288 quatenus

160 1327 289 1385 auctor
314 1336 434 1384 veram
468 1309 651 1385 docuisset
688 1309 866 1384 inferioris
893 1309 1101 1413 superficiei
1125 1336 1191 1382 na·

160 1448 280 1509 turam
312 1435 352 1506 in
382 1439 572 1535 cyclolite.
610 1432 707 1525 Quid
741 1457 872 1535 reapse
909 1431 1059 1506 tradidit
1094 1433 1192 1506 circa

159 1553 254 1631 laauc
279 1555 513 1660 superficiem
549 1555 791 1630 inferiorem?
827 1553 896 1628 hoc
932 1581 1072 1648 unum3
1110 1580 1192 1629 eam

161 1702 241 1754 esse
262 1677 448 1753 ¹scabram
481 1677 520 1752 iu
544 1684 744 1779 cyclolite,
779 1693 818 1750 et
854 1676 966 1750 lineas
996 1675 1190 1751 circulares

161 1803 432 1877 couceutricas.
463 1803 552 1894 Quis
579 1817 701 1875 tamen
727 1816 837 1903 neget
861 1799 991 1873 harum
1015 1798 1192 1873 linearum

161 1921 438 2028 dispositionem
462 1926 501 1998 iu
527 1922 695 1999 omnibus
707 1923 859 2024 fungiis
886 1921 1068 1998 delicere?
1093 1923 1191 1996 Prae·

160 2046 372 2149 quamquod
396 2046 563 2122 scabram
589 2045 682 2121 hauc
707 2064 850 2150 partem
877 2071 1026 2148 quoque
1051 2070 1131 2120 esse
1152 2045 1191 2118 in

148 2169 299 2271 suagrio
325 2185 505 2244 testantur
528 2167 645 2243 ferme
670 2193 796 2243 omnes
823 2170 979 2271 species.
1011 2167 1096 2242 Non
1122 2169 1192 2242 erit

161 2317 229 2366 cur
254 2290 302 2365 ad
313 2290 492 2393 fiengiom
516 2290 813 2394 agaricfformem
823 2349 836 2386 ,
863 2290 911 2364 ad
920 2289 1101 2393 songiam
1125 2316 1192 2390 cy·

160 2419 323 2490 ototitem
348 2439 616 2516 provocemus,
643 2412 791 2489 adhaec
815 2411 1016 2516 probanda.

211 2537 399 2611 Praeterea
424 2553 566 2610 certum
592 2551 649 2610 est
683 2537 865 2610 internam
893 2533 1130 2626 cellularum,
1155 2550 1194 2608 et

163 2660 310 2755 centri,
344 2659 589 2760 marginisque
626 2673 794 2731 naturam
830 2654 984 2732 eandem
1010 2680 1091 2732 esse
1116 2672 1195 2730 tum

160 2782 201 2855 in
224 2787 418 2882 cyclolite,
443 2809 486 2855 ac
512 2783 549 2854 iu
561 2779 727 2884 fungia,
752 2779 883 2854 iisdem
908 2781 949 2854 in
973 2778 1062 2856 locis
1088 2802 1196 2883 repe·

160 2905 252 3000 riri,
289 2905 556 3006 varietatesque
596 2902 745 2979 easdem
784 2901 956 2978 exhibere
997 2919 1194 3007 utrumque

161 3052 292 3132 genus.

142 3222 150 3255 „
211 3151 472 3225 Verumtamen
488 3148 576 3224 licet
597 3166 634 3224 et
652 3148 913 3253 amplectamur
933 3148 1093 3226 libenter
1106 3149 1193 3224 Gol-

160 3272 215 3368 dfi
230 3272 459 3374 opinionem,
475 3273 532 3344 cui
551 3270 699 3373 quidem
716 3270 912 3346 deflectere
931 3273 1040 3346 etiam
1052 3271 1197 3346 ridetur

160 3395 241 3497 ipse
268 3397 478 3482 Bloinville,
499 3410 620 3467 tamen
646 3396 773 3496 negari
800 3420 874 3469 non
900 3410 1046 3496 potest,
1074 3408 1111 3466 et
1136 3390 1196 3466 hic

162 3517 382 3590 reviviscere
410 3515 658 3591 difficultatem
684 3519 779 3590 inter
803 3517 1041 3606 turbumlias,
1068 3531 1107 3589 et
1130 3541 1195 3588 eu·

160 3638 418 3742 ryoplzyllias,
443 3641 493 3712 ita
516 3655 580 3733 ut,
615 3642 784 3742 sepositis
811 3638 996 3743 prioribus
1009 3695 1022 3732 ,
1052 3655 1090 3713 et
1115 3636 1195 3713 haec

162 3764 368 3866 posteriora
405 3787 542 3864 genera
575 3761 837 3865 sejungantur3
865 3761 1089 3864 conjunctis,
1116 3760 1196 3837 haec

164 3883 457 3989 conjungantur,
492 3913 573 3987 quae
598 3889 668 3963 nisi
694 3914 715 3958 a
740 3884 889 3961 fortuita
924 3884 1091 3959 libertate
1115 3900 1194 3959 tur·

163 4009 308 4085 binolioe
335 4009 539 4111 penderet,
566 4036 633 4086 neo
660 4007 776 4085 adhuc
802 4008 961 4085 resoluta
986 4005 1093 4081 soret.
