2716 4694
207 311 229 360 o

179 289 339 499 itanum
360 428 445 477 nom
466 402 608 478 tametsi
625 403 794 479 Carolim‘
813 401 860 478 de
880 401 952 481 boc
970 402 1108 509 polypo
1128 431 1194 483 mo·

178 528 350 623 minerit,
376 542 594 600 tomentum
620 524 761 627 exejus
789 523 940 619 tabulis,
967 543 1045 601 tum
1072 553 1116 602 cx
1139 527 1193 603 de·

177 648 434 752 scriptionibus
472 650 629 721 eruimus
662 646 708 722 de
735 648 992 753 caryopbyllriz
1019 676 1040 723 a
1063 653 1196 726 Donati

177 772 290 846 relata
316 772 558 872 cognitionem
583 771 702 872 ipsum
726 797 800 844 uon
827 769 1008 846 babuisse.
1042 773 1087 846 Iu
1114 799 1195 847 uno·

179 918 324 997 quoque
352 891 500 987 cellula,
537 893 611 987 uit,
647 891 803 996 polypus
844 896 1054 969 continetur
1086 893 1195 971 tribus

178 1015 341 1118 partibus
367 1015 608 1116 compositus3
630 1017 800 1088 nimirum
825 1014 939 1117 pedes
957 1017 1196 1117 (tentaculos),

176 1135 352 1212 concham
368 1135 580 1235 (cellulam),
606 1153 715 1239 caput
732 1138 868 1238 (orem)
895 1137 1064 1213 ostendis
1084 1138 1195 1214 Pedes

71 1242 75 1252 ⁵
181 1258 360 1359 originem
385 1255 519 1330 ducunt
544 1285 565 1328 a
591 1255 731 1331 duobus
758 1258 1023 1362 appendicibus
1051 1262 1195 1335 conicis.

175 1380 232 1452 Ex
252 1377 349 1452 bisce
372 1376 631 1480 appendicibus
650 1382 881 1454 constituitur
901 1407 985 1483 pars
993 1381 1195 1478 rotundatu,

177 1527 260 1601 quae
285 1499 405 1601 aliquo
423 1498 490 1574 sub
512 1517 683 1602 respectu
700 1501 869 1576 musculis
887 1504 1023 1577 ventris
1046 1529 1195 1606 respon·

176 1620 252 1718 det,
266 1623 298 1693 vi
316 1619 416 1724 cujus
431 1647 496 1722 pes
513 1639 678 1696 movetur
693 1621 787 1695 ultro
805 1625 982 1724 citroque,
994 1640 1107 1725 atquc
1118 1653 1197 1700 con·

173 1742 332 1845 juugitur
369 1741 529 1844 cylindro
556 1745 664 1817 variae
690 1761 843 1818 noturae.
880 1747 1044 1819 Numero
1077 1746 1193 1848 plures

174 1882 258 1940 sunt
279 1863 393 1966 pedes
415 1865 604 1937 memorati
627 1865 763 1938 circum
786 1863 948 1968 dispositi
956 1865 1193 1970 ,luminisque

174 1985 313 2059 adnexi.
340 1986 446 2058 Circa
474 2011 514 2058 os
542 2001 651 2086 caput
676 1983 801 2089 polypi
827 2013 962 2060 corona
984 1986 1094 2067 veluti
1117 2016 1194 2064 cou·

160 2108 348 2210 spiritur,
374 2105 556 2179 radiorum
581 2132 720 2180 summa
746 2107 929 2182 celeritate
955 2109 1192 2211 praeditorum

173 2228 379 2304 oscillatorii
400 2244 516 2300 motus
535 2253 652 2301 causa.
669 2227 802 2301 Itidem
824 2233 848 2305 8
870 2229 998 2305 radios*
1014 2216 1192 2336 conspici·

171 2377 274 2442 mm,
302 2349 433 2452 quibus
460 2349 612 2451 polypus
639 2352 751 2422 utitur
777 2349 823 2422 ad
847 2350 1079 2426 vescendum.

220 2474 314 2547 Huic
331 2474 444 2546 veteri
464 2473 623 2572 opinioni
637 2469 892 2545 adhaerendum
909 2477 1050 2574 putavit
1063 2478 1189 2550 Blain·

170 2596 347 2696 ville,qui
361 2591 605 2667 definitionem
619 2593 740 2696 polypi
754 2593 799 2666 ad
814 2593 908 2668 bunc
918 2594 1032 2668 sermo
1048 2598 1192 2672 modum

171 2717 382 2816 composuit.
416 2715 556 2788 Animal
586 2715 836 2806 actinilorme‚
863 2715 1190 2818 subcylindricum‚

170 2864 303 2911 corona
328 2834 485 2937 simplici
511 2852 572 2908 aut
596 2835 704 2936 dupla
726 2838 829 2936 (quo
852 2836 1059 2913 reseruntur
1077 2845 1190 2942 pedes

168 2959 384 3059 appendices
408 2959 576 3051 Donati)
602 2958 863 3032 tentaculorum
888 2958 1052 3033 brevium
1072 2963 1189 3064 perfo-

168 3097 351 3169 ratorum3
378 3077 474 3151 unde
506 3077 576 3179 jam
610 3079 753 3181 pridem
779 3108 861 3154 cum
886 3085 1192 3161 Miluo-Edwurd

169 3204 376 3276 consentire
394 3198 532 3273 videtur
554 3202 649 3274 circa
668 3201 904 3298 divisionem,
923 3203 980 3275 cui
1002 3207 1188 3303 pertinere

167 3322 237 3398 boc
262 3324 489 3427 polyparium
515 3322 635 3395 debet.
663 3322 734 3395 Sed
760 3350 880 3424 neque
908 3350 950 3396 ex
974 3322 1043 3397 boc
1071 3330 1188 3428 capito

166 3444 360 3518 defendere
397 3462 499 3545 potes
540 3443 734 3518 discrimen
772 3447 868 3517 inter
891 3445 1124 3521 turbinoliam
1154 3464 1188 3523 et

164 3566 481 3668 caryoplzyllinm,
511 3568 594 3667 quia
629 3565 836 3640 cellularum
866 3566 956 3640 ordo
985 3574 1184 3670 saepissime

166 3690 246 3790 pari
273 3691 411 3762 ratione
438 3706 682 3790 comparatum
711 3704 767 3762 est
788 3689 826 3760 in
851 3688 1051 3764 turbinolt'a
1081 3719 1124 3765 ac
1150 3694 1185 3764 iu

162 3808 425 3912 caryopleyllriz.
451 3812 573 3884 Potius
601 3809 796 3884 discrimen
823 3828 931 3912 auget
955 3813 1053 3885 inter
1068 3814 1183 3889 turbi-

163 3939 295 4026 nolius,
309 3932 594 4034 caryopbyllias,
611 3930 904 4036 atquesungias3
926 3935 975 4009 ita
992 3936 1089 4012 enim
1105 3935 1181 4013 baeo
