2716 4694
174 334 223 410 68
390 455 675 523 TURBINOLIA
705 458 977 527 ntnlcosrt

629 610 731 658 notus

176 725 525 790 Turbinoliatnrbinato
546 723 701 812 depressa,
722 730 922 809 aestimaris,
943 729 1193 813 membranaceis,

206 833 455 913 remotiuscnlis,
495 833 661 893 interstitiis
692 833 894 916 plurumis,
923 835 1017 896 sntta
1045 837 1191 922 apiciali;

206 941 344 1022 margine
364 940 486 1021 crispo,
505 937 572 998 basi
593 938 698 998 leviter
718 939 868 999 revoluta.

332 1064 372 1125 A.
395 1062 539 1126 Varietas
561 1064 650 1124 costis
671 1062 839 1126 rotundato
860 1066 1045 1147 granulatis.

215 1193 335 1266 Pauca
360 1192 604 1290 requiruntur,
625 1188 933 1292 utdistinguamus
948 1192 1189 1268 tur'binoliam

166 1319 420 1392 rarieostuma
439 1314 581 1387 caeteris
598 1311 799 1387 turbinoliis
808 1346 823 1403 ,-
850 1339 931 1385 nam
955 1330 1094 1388 attenta
1116 1314 1190 1390 basi

167 1463 249 1538 quae
276 1460 403 1538 parum
429 1432 588 1506 revoluta
614 1451 683 1523 est,
707 1433 787 1536 plus
804 1436 967 1508 minusve
995 1454 1118 1533 ascuto,¹
1140 1453 1189 1511 at·

168 1559 277 1632 tentis
304 1554 452 1628 lamellis
476 1581 556 1657 quae
575 1554 799 1628 circumdant
818 1554 1021 1631 turbinotiae
1048 1584 1188 1661 corpus,

165 1697 275 1782 atque
301 1680 396 1752 inter
421 1702 460 1752 se
487 1676 639 1770 dissita,
665 1676 968 1769 membranaceae,
995 1677 1184 1779 aliquando

166 1800 531 1905 granulatae,attentis
558 1800 758 1872 interstitiis
785 1797 914 1899 planis,
933 1797 1078 1873 abunde
1102 1800 1187 1875 erui·

165 1939 226 2018 tur
266 1919 368 2021 hujus
410 1920 618 1994 turbinolioe
656 1916 797 1992 indoles
833 1946 874 1992 ae
900 1936 1039 1995 natura.
1064 1919 1185 2015 Quoad

165 2041 308 2119 stellam
333 2039 419 2114 nihil
445 2041 619 2114 habemus
647 2039 839 2142 singulare.

214 2163 434 2240 Habitat..
460 2216 471 2238 .
498 2164 693 2264 Reperitur
718 2164 755 2235 iu
782 2161 873 2237 colle
899 2162 1127 2240 Taurinensi.

199 2281 309 2364 Mus.
336 2287 485 2362 Tauria.
513 2284 665 2360 Colleet.
690 2283 902 2376 Roelsetta,
926 2285 1144 2364 Mtetetoset

419 2464 712 2532 TURBINOLIA
744 2465 938 2532 RONIGII

591 2636 759 2689 Maurum.

169 2778 355 2844 anbinolia
379 2774 777 2859 cylindracso·turbinata;
798 2777 888 2838 sulcis
915 2777 1179 2860 longitudinaiibns

202 2884 242 2946 25
263 2883 317 2943 vel
338 2885 376 2944 30
391 2883 513 2943 elevatis
521 2909 534 2953 ,·
555 2882 646 2945 stella
661 2883 849 2963 orbiculari,
863 2885 1000 2966 margine
1019 2887 1181 2949 erenulato.

180 3045 320 3112 Martell.
341 3044 462 3127 Geolog.
486 3045 603 3106 Sussex.
621 3065 696 3129 pag.
718 3044 770 3108 85.
793 3046 856 3112 tab.
882 3067 929 3134 19.
939 3044 1003 3134 fig.
1025 3069 1078 3113 22·
1099 3045 1149 3112 28.

179 3151 363 3232 Flemrning.
385 3151 511 3211 Brittan.
534 3153 625 3211 anim.
643 3173 718 3236 pag.
741 3152 813 3214 510.

180 3256 354 3317 Blainville.
376 3255 493 3316 Manuel
516 3254 670 3318 d'act'rnol.
688 3277 763 3343 pag.
786 3258 857 3338 342.

179 3359 464 3423 Mine-Edwards.
485 3359 569 3422 Auct.
591 3361 629 3421 ad
651 3363 811 3422 Lamnrclr.
835 3375 906 3422 tom.
928 3382 946 3423 2
973 3380 1051 3445 pag.
1073 3361 1144 3440 364.

213 3503 249 3573 Si
276 3501 493 3603 probaretur
518 3503 554 3573 in
573 3499 638 3576 hac
667 3505 790 3604 specie
816 3502 932 3576 basim
958 3504 1181 3597 revolutam,

164 3639 201 3696 et
225 3624 343 3698 sulcos
369 3623 494 3697 adesse
529 3643 704 3719 ornatos,
722 3625 843 3700 favore
867 3626 1074 3701 turbinatior
1095 3654 1180 3727 gra·

163 3751 299 3818 nulutoe
326 3743 602 3847 responderem
630 3774 740 3847 quum
768 3746 924 3847 alioquin
947 3746 1092 3845 forma,
1118 3745 1182 3823 suf·

162 3863 259 3940 ficiat
285 3856 331 3939 ad
354 3865 632 3969 dignoscendam
657 3885 732 3940 tum
752 3869 873 3964 Goldfi
899 3872 1085 3972 speciem,
1110 3887 1180 3950 tum

163 4013 243 4064 eam
269 4016 378 4092 quam
403 3991 551 4092 insignis
568 3991 726 4066 Manteli
750 3992 950 4096 proposuit.
