2716 4694
1144 317 1189 410 dr

158 441 309 544 opinis,
336 453 374 513 et
405 445 440 515 si
471 440 510 513 in
545 439 630 512 vivis
667 452 798 511 crustae
813 492 825 530 ,
862 453 971 538 atque
1007 462 1078 540 qua
1109 463 1195 511 nam

157 565 300 637 ratione
324 560 481 636 insideat
504 559 581 634 aliis
608 558 840 662 corporibus,
867 557 946 632 baec
974 561 1092 633 omnia
1116 585 1193 632 non

159 683 366 759 inconsulto
398 680 449 756 ita
479 707 526 756 se·
544 708 586 756 se
612 681 758 755 babent.
785 680 984 755 Obscurius
1013 678 1194 782 estquod

152 808 341 881 Lamarclc
393 808 463 898 ait,
504 804 591 878 dum
616 803 661 878 de
696 803 880 905 subfragili
912 829 974 877 axe
1006 802 1195 904 loquitur,

159 931 310 1002 tenuior
335 954 401 1021 ne,
424 927 500 1021 hic,
523 929 594 1001 axis
618 943 691 1021 est,
714 955 754 1000 ac
777 928 919 1000 c'aeteris
942 928 982 998 in
1006 925 1193 1027 partibus?

161 1048 472 1151 Haudquaquam:
501 1076 546 1122 an
568 1048 712 1123 alterius
734 1048 893 1122 naturaei
915 1049 1078 1142 minime3
1103 1074 1195 1148 quo·

162 1173 283 1246 minus
300 1189 493 1273 utramque
508 1172 725 1246 sententiam
742 1171 985 1264 admittamus,
999 1169 1119 1244 obstat
1136 1196 1195 1271 ge·

159 1297 262 1368 neris
281 1291 465 1388 definitio,
483 1311 521 1367 et
541 1293 740 1394 antipathia
762 1295 1001 1394 investigatio.
1018 1293 1102 1366 Non
1123 1291 1195 1364 levi

161 1416 291 1492 itidem
308 1415 441 1490 menda
458 1415 598 1489 laborat
616 1415 716 1516 quod
734 1415 967 1490 doctissimus
985 1431 1110 1487 auctor
1127 1416 1194 1506 ait,

159 1538 248 1613 dum
273 1556 399 1612 monet
424 1565 468 1612 ne
490 1538 572 1612 loco
592 1544 799 1636 gorgonioe,
815 1537 1041 1637 antipotbem
1058 1535 1192 1609 babea-

157 1689 256 1756 mus,
283 1664 385 1763 quasi
409 1659 572 1734 absentia
598 1664 816 1733 minutarum
843 1662 1028 1762 spinarum
1048 1661 1086 1731 in
1108 1684 1195 1755 gor-

156 1788 278 1883 goniae
297 1810 359 1857 axe
382 1785 533 1857 sufficiat
550 1781 595 1855 ad
610 1782 679 1855 duo
697 1808 831 1882 genera
844 1779 1114 1882 distinguenda,
1130 1778 1196 1852 sed

162 1906 234 1981 hoc
262 1908 439 1980 monitum
464 1905 679 2007 plerumque
705 1905 829 1978 inutile
856 1923 926 1998 est3
954 1904 1194 2004 nequeenim

164 2056 314 2132 semper
352 2030 474 2130 spinas
515 2031 717 2130 reperimus
755 2034 792 2100 in
825 2028 1015 2130 antifaatbe
1030 2084 1045 2116 ,
1075 2028 1128 2100 uti
1158 2026 1197 2098 in

164 2151 352 2254 anteparta
377 2159 529 2249 ligniaco
556 2150 742 2242 videmus,
778 2167 815 2225 et
839 2153 876 2223 in
902 2148 1090 2251 arctipothe
1116 2156 1194 2223 cla·

163 2273 305 2362 thrace,
328 2273 493 2374 aliisque3
517 2298 604 2374 ergo
627 2289 728 2374 patet
749 2298 877 2374 reapse
900 2298 1023 2345 casum
1050 2270 1194 2344 evenire

162 2421 274 2498 posse
293 2421 365 2495 quo
383 2393 567 2468 destitutio
591 2396 778 2495 spinarum
799 2419 922 2467 veram
942 2391 1196 2466 confusionem

165 2543 208 2591 ex
232 2516 302 2591 bac
329 2543 437 2590 causa
464 2515 636 2590 inducere
668 2518 796 2617 possit.

217 2639 433 2741 Antiputkis
457 2640 715 2740 cognitionem,
737 2637 793 2710 vel
815 2635 910 2741 apud
933 2634 1197 2738 antiquissimos

166 2764 366 2863 scriptores
390 2759 583 2854 habemus3
601 2787 684 2833 nam
706 2759 844 2834 corallii
866 2761 959 2862 nigri
979 2783 1125 2854 nomen,
1141 2755 1199 2831 vel

165 2881 264 2985 apud
272 2885 527 2957 Dioscoridem
540 2884 756 2975 invenimus3
770 2882 975 2984 Rumpbius
991 2883 1132 2983 pariter
1149 2878 1195 2954 de

167 3032 212 3080 eo
247 3007 474 3080 mentionem
512 3003 655 3099 habuit,
694 3004 915 3093 Boerbnve,
943 3000 1200 3103 Tonrntffort,

168 3127 302 3230 aliique
318 3130 413 3202 inter
437 3127 613 3229 litopbyta
637 3127 859 3227 antipatbem
878 3143 1095 3230 posuerunt3
1113 3124 1202 3198 nibil

168 3268 292 3325 tamen
308 3249 453 3346 clarius,
467 3276 576 3350 quam
594 3275 636 3323 ea
654 3276 735 3350 quae
752 3249 926 3325 habemus
945 3247 1041 3352 apud
1057 3251 1200 3338 Pullos,

167 3374 289 3476 Esper
298 3429 313 3462 ,
336 3371 382 3446 de
401 3376 583 3472 gorgonia
604 3373 808 3474 canpaniae,-
829 3371 965 3474 lignum
986 3369 1200 3444 definientes

169 3493 288 3596 rigide
321 3520 521 3587 corneum,
547 3493 725 3586 solidum,
751 3497 958 3568 aterrimum
971 3549 983 3584 ,
1011 3508 1108 3566 extus
1135 3489 1199 3565 tle-

169 3641 279 3691 xuose
298 3618 488 3712 ›striatum,
515 3616 631 3691 basim
658 3633 754 3690 extra
792 3618 997 3710 cineream3
1032 3631 1201 3688 truncum

171 3737 324 3812 brevem
350 3739 387 3810 in
413 3765 533 3813 ramos
561 3737 813 3832 subdivisum,
840 3738 979 3839 aliaque
1006 3737 1143 3812 similia.

221 3860 259 3932 Si
288 3884 376 3960 quas
403 3861 604 3935 invenimus
632 3859 861 3934 difficultates
887 3859 971 3931 dum
1000 3858 1200 3960 judicamus

171 3980 218 4056 de
241 3982 429 4084 ontrpatbe
453 3985 488 4058 in
513 4001 607 4060 statu
629 3986 776 4077 viventi,
796 4000 885 4086 quot
907 3979 1058 4083 majores
1081 3979 1198 4055 adsint
