2716 4694
169 349 216 399 22

168 470 252 547 quae
277 445 451 518 interiora
473 459 556 516 sunt
576 439 728 544 polypo,
751 455 859 539 atquc
881 439 1049 540 graculos
1072 443 1189 517 minu·

165 568 322 642 tissimos
350 565 422 638 albi
449 563 578 637 coloris
609 561 766 663 geruum
798 563 993 635 amatrice
1020 562 1188 640 deductis

168 691 254 782 oris,
272 687 486 789 corporibus
504 684 712 784 junguntur,
736 700 772 756 et
796 683 903 784 paulo
925 701 1009 784 post
1028 712 1131 785 rugae
1153 689 1189 760 iu

164 813 342 913 superiori
365 826 467 910 parte
490 809 760 908 conspiciuntur
766 864 777 900 ,
795 813 837 877 ex'
854 804 1001 906 quibus,
1018 811 1190 909 temporis

164 957 379 1036 progressu,
399 929 579 1032 prodeunt
596 928 796 1020 tentacula,
815 931 961 1029 orisque
978 932 1188 1004 constitutio

163 1053 325 1155 perfecta
340 1069 509 1154 apparet3
526 1050 621 1123 unde
646 1076 687 1121 ex
708 1048 777 1122 hoc
799 1068 983 1123 momento
1005 1053 1114 1124 etiam
1131 1080 1191 1154 po·

162 1175 291 1276 lyparii
320 1173 551 1274 amplificatio
574 1173 734 1264 videtur,
756 1171 842 1245 licet
864 1171 966 1245 aliter
985 1174 1086 1246 circa
1114 1173 1191 1249 baec

164 1300 348 1372 Lamarclr
374 1295 559 1398 placuerit.

214 1420 386 1492 Vescitur
419 1435 538 1490 autem
570 1415 722 1519 polypus
760 1422 910 1492 corallii
946 1416 988 1490 iis
1028 1418 1192 1494 minutis·

164 1541 266 1613 simis
285 1539 534 1633 animantibus
551 1566 632 1640 quae
650 1537 821 1611 infusoria
837 1537 1017 1632 dicuntur,
1037 1565 1192 1641 quaeque

165 1661 276 1736 ellusa
291 1661 597 1734 abundantissime
611 1663 841 1762 reperiuntur
862 1662 900 1732 in
922 1661 964 1732 iis
985 1665 1189 1761 praesertim

163 1782 276 1880 loric,
301 1783 362 1858 ubi
391 1783 503 1886 major*
528 1786 581 1856 vis
609 1801 716 1856 aestus
743 1783 870 1855 adesse
896 1781 1127 1883 intelligitur3
1154 1807 1193 1856 er

166 1907 414 1980 alimentorum
433 1925 552 1979 autem
569 1905 737 1977 facilitate
753 1903 1003 1978 deducendum
1016 1922 1085 1999 cst,
1097 1904 1194 2006 quod

164 2027 286 2129 plures
320 2055 393 2101 uon
424 2026 532 2099 modo
558 2028 702 2128 polypi,
738 2025 803 2100 sed
839 2044 876 2099 et
910 2026 1191 2102 molluscborum

164 2151 307 2249 species
334 2149 452 2222 adsint
478 2152 513 2221 in
538 2151 619 2221 uuis
648 2175 758 2248 quam
793 2149 831 2221 in
865 2147 954 2245 aliis·
977 2147 1119 2251 plagis,
1155 2151 1190 2222 in

164 2267 230 2342 hac
257 2269 314 2343 rel
340 2271 398 2342 illa
425 2273 510 2343 anni
537 2286 764 2371 tempestate.

215 2393 252 2464 Si
270 2419 354 2465 vero
374 2419 446 2464 non
465 2395 615 2466 seorsim
635 2392 808 2493 polypum
832 2408 940 2490 atque
963 2391 1190 2495 polyparium

168 2513 362 2588 observare
394 2515 503 2609 velis;
531 2514 681 2587 babebis
711 2531 856 2586 tenuem
882 2530 1019 2586 vestem
1052 2514 1193 2609 albam,

164 2639 215 2709 uti
236 2636 450 2738 jampridem
473 2640 590 2710 innuit
610 2634 878 2737 Imperot0,vel
897 2637 1055 2708 tunicam
1070 2639 1100 2710 si
1115 2640 1191 2710 Do-

163 2763 244 2830 nati
269 2776 305 2831 et
332 2762 499 2831 Carolint'
518 2757 637 2830 verbis
660 2760 713 2829 uti
734 2757 857 2850 malis,
881 2783 963 2856 quae
986 2777 1130 2833 constat
1153 2785 1193 2833 et

163 2881 362 2951 innumeris
386 2878 499 2951 ferme
523 2879 599 2950 aliis
622 2877 839 2952 membranis
868 2881 1094 2973 tenerrimis,
1113 2884 1193 2983 qui·

162 2997 231 3071 bus
259 2997 444 3074 adbaerent
475 3002 652 3072 recensita
687 3026 842 3101 corpora
872 3001 1025 3101 polypos
1054 3007 1188 3078 consti-

164 3121 321 3214 tuentia;
342 3121 420 3194 baec
442 3124 561 3224 tunica
584 3121 736 3214 caduca,
752 3121 888 3223 fragilis
908 3142 981 3214 est,
999 3123 1101 3197 brevi
1125 3125 1195 3199 dis·

163 3243 332 3318 solutura.
350 3246 404 3315 Ex
420 3242 487 3316 hac
505 3245 626 3316 tunica
644 3243 829 3345 profluunt
852 3271 936 3317 vasa
958 3245 1188 3340 cylindracea

164 3364 239 3438 aliis
257 3367 349 3439 vasis
368 3364 619 3438 minutioribus
648 3364 797 3460 adnexa,
818 3392 971 3465 quorum
990 3365 1193 3442 functiones

164 3511 245 3560 esse
262 3487 401 3587 putavit
416 3488 553 3560 Donati
568 3493 722 3561 corallio
738 3487 912 3561 alimentis
928 3487 1082 3582 ducere,
1097 3489 1196 3590 quod

163 3607 343 3707 singulare
370 3634 546 3708 prorsus,
574 3627 682 3710 atque
709 3608 808 3682 sutile
835 3628 1084 3710 argumentum
1112 3628 1168 3685 est
1183 3667 1196 3705 ,

163 3729 202 3800 ni
221 3727 380 3802 dicamus
404 3728 469 3804 bos
489 3729 593 3804 tubos
612 3731 783 3834 polypum
799 3734 917 3834 ipsum
936 3734 1195 3807 constituentes

165 3874 319 3948 quorum
346 3850 531 3952 longitudo
566 3852 697 3926 lineam
723 3879 797 3926 non
823 3853 977 3944 excedit,
1005 3851 1192 3955 polypario

165 3985 314 4046 eatenus
341 3973 515 4049 inservire
544 3992 718 4076 quatenus
757 3973 873 4049 eidem
908 3973 1105 4050 adhaerent.
1138 3979 1193 4050 Ea
