2716 4694
1137 316 1191 421 69

213 424 366 504 Habitat
390 482 402 503 .
427 481 438 501 .
462 482 474 503 .
500 427 696 532 Reperitnr
720 432 758 507 in
783 431 936 537 Anglia,
960 437 998 510 in
1020 462 1165 516 marna.

212 551 308 624 Mus.
346 552 453 624 Britt.
486 552 605 627 Instit.
628 551 746 627 Lond.
771 554 923 632 collect.
945 559 1155 661 Flemnnag
1166 616 1184 653 ,

160 668 323 746 Mantett
336 729 354 765 ,
380 689 451 748 aar

418 852 715 918 runnlrtottt
738 855 941 921 rttctrt

451 1026 555 1074 nonis
576 1001 678 1096 (tab.
705 1028 754 1098 a,
764 1003 838 1102 fig.
863 1010 928 1104 p)

167 1167 352 1230 Turbinolia
371 1169 543 1250 cylindrica
558 1171 625 1232 basi
644 1171 793 1251 nontam,
813 1184 918 1252 acum,
937 1175 1026 1235 costr}
1035 1172 1187 1260 frequen·

198 1275 354 1353 rioribus,
374 1273 546 1336 rotwrdatis
564 1278 728 1356 granaria,
755 1277 845 1338 sulcis
872 1277 1007 1359 levibns,
1027 1278 1187 1351 distinctis,-

195 1379 292 1440 stelia
313 1379 620 1456 ovato-rotundatu,
642 1384 780 1464 margine
800 1381 953 1467 inaeqnaIi.

208 1525 331 1599 Pauca
356 1543 458 1618 sunt,
486 1552 567 1627 quae
594 1527 643 1600 ita
669 1522 793 1628 figuris
815 1525 1006 1629 complecti
1021 1531 1187 1630 possint,

158 1661 199 1718 ut
223 1672 355 1749 reapse
382 1673 489 1746 quam
517 1645 640 1738 maiis,
667 1643 858 1720 exhibeant
883 1650 1070 1748 speciem,
1095 1676 1185 1749 qna·

158 1784 318 1870 propter
343 1767 647 1870 descriptionibus
686 1785 769 1842 sunt
793 1766 984 1870 supplendi
1011 1767 1184 1844 defectus.

159 1885 251 1961 Cum
259 1890 381 1991 itaque
391 1889 503 1962 amica
515 1916 622 1962 mann
631 1886 762 1992 figuras
775 1887 1008 1989 adjunxerim,
1016 1916 1059 1963 eo
1071 1917 1184 1988 eram,

157 2010 814 2113 ntpropartecognitionisnppterem.
825 2010 1183 2089 Addendumiileirco

159 2133 280 2206 estin
305 2129 372 2204 hae
398 2129 521 2235 speeie
548 2158 763 2206 concurrere
790 2131 904 2206 basim
931 2131 1056 2207 leviter
1080 2159 1182 2209 revo-

158 2251 293 2349 lutam,
320 2250 474 2356 figuram
515 2250 765 2356 cylindricam‚
790 2271 908 2328 costas
943 2254 1182 2350 rotundatas,

158 2402 290 2477 parum
315 2374 523 2477 depressas,
552 2393 658 2476 atque
685 2402 754 2477 pro
779 2372 991 2449 seierentes
1019 2376 1181 2476 granula·

159 2498 295 2591 tiones,
321 2523 402 2598 qnae
416 2499 615 2598 marginem
636 2522 772 2592 versus,
785 2494 956 2596 majorem
969 2499 1024 2570 sui
1040 2499 1183 2598 copiam

160 2635 199 2691 et
225 2617 416 2693 elatiorem
455 2618 634 2692 exhibent.
660 2616 757 2691 Sulci
789 2634 873 2691 sunt
897 2615 1022 2712 leves,
1060 2633 1182 2694 tamen

159 2737 322 2814 distincti
332 2797 346 2836 ,
384 2756 493 2841 atque
529 2742 719 2814 nticostoe
746 2737 870 2813 abasi
904 2737 950 2811 ad
981 2741 1180 2842 marginem

157 2878 320 2957 currunt3
345 2860 483 2937 stellam
508 2859 681 2936 habemus
696 2878 814 2935 ovato·
828 2858 1069 2958 rotundatum,
1096 2889 1178 2964 quae

157 2982 311 3087 amplius
338 3010 447 3085 quam
471 2985 519 3077 40
534 2982 657 3057 radios
684 2985 832 3078 emittit,
859 2985 889 3056 si
903 2987 1105 3085 generatim
1128 2985 1180 3060 l'a·

159 3107 254 3181 ciem
280 3104 438 3208 ejusdem
465 3105 659 3179 observare
684 3104 865 3199 mniimns3
891 3107 928 3177 in
943 3108 1104 3207 margine
1129 3109 1179 3181 ir·

156 3227 426 3331 regularitatem
451 3225 692 3321 lamellarum,
706 3252 817 3328 quum
834 3228 929 3301 inter
949 3230 1110 3329 potiores
1126 3227 1178 3303 ln-

156 3349 281 3427 melias
308 3351 558 3453 prominentes
586 3366 658 3424 tres
685 3351 841 3425 minores
867 3346 996 3423 adsint.

207 3473 299 3548 Haea
325 3472 447 3548 differt
472 3499 492 3544 a
515 3471 712 3547 turbinolia
736 3473 886 3571 Konigii
909 3469 1030 3572 quoad
1047 3469 1178 3567 sulcos,

158 3620 359 3696 eorumque
396 3619 584 3669 numerum
601 3649 613 3687 ‚
639 3619 706 3666 nee
747 3619 823 3667 non
865 3592 986 3695 quoad
1015 3592 1179 3670 basima

156 3716 353 3793 turbinata
377 3723 542 3806 mitrata,
568 3719 654 3818 quia
667 3739 787 3816 neque
802 3714 1083 3821 subcompressa
1109 3734 1178 3815 eat,

155 3866 279 3943 neque
294 3838 445 3914 lamella
471 3839 657 3943 papilione
682 3854 766 3915 sunt
792 3856 853 3913 aut
877 3839 1129 3914 subconnatoe:
1156 3867 1179 3912 a

155 3964 354 4041 mationa
365 3968 586 4063 granetarii,
613 3963 697 4066 quia
713 3963 750 4036 in
766 3958 835 4037 hae
848 3978 959 4041 eostae
975 3957 1176 4037 rotundatae
