2716 4694
166 315 213 408 io

164 439 200 508 in
227 437 501 539 investigatione
526 434 756 539 arttipatbum
775 435 971 534 sossibum,
987 465 1098 515 nemo
1120 466 1189 514 non

161 559 278 635 videt:
306 564 386 662 quis
414 587 445 634 v.
474 588 507 662 g.
534 558 757 662 antipathem
793 558 1109 662 myriophyliom,
1140 563 1190 636 vel

157 711 390 787 pennuoeam
407 708 627 784 cognoscere
646 699 786 784 potest3
804 699 879 758 tota
893 685 1001 786 igitur
1013 682 1189 759 distinctio

165 805 287 908 quoad
314 805 533 908 posteriores
560 807 598 878 in
624 803 805 901 lamellis,
830 806 866 879 in
894 807 1036 908 spinis,
1068 808 1101 880 si
1132 805 1190 880 ad·

165 932 253 1021 sint,
274 929 310 1000 in
327 944 455 1001 natura
470 925 666 1020 linearum,
680 952 938 1030 ramorumque
956 926 1190 1031 dispositione

163 1051 334 1155 quiescit.

211 1170 426 1274 Arnpatbes
437 1171 522 1247 licet
538 1173 697 1248 rariores
712 1197 822 1274 quam
839 1171 993 1274 plurima
1010 1171 1081 1248 alia
1098 1171 1190 1276 poly-

164 1295 283 1399 paria,
306 1295 429 1370 effusae
450 1312 572 1370 tamen
592 1297 841 1399 reperiuntur3
862 1322 946 1369 nam
966 1297 1190 1370 inveniuntur
1231 1318 1233 1341 ¹

163 1421 201 1493 in
227 1419 319 1491 mari
345 1417 639 1512 Mediterraneo‚
666 1421 706 1493 in
729 1421 820 1492 mari
841 1417 1057 1519 Norvegiae,
1079 1419 1112 1492 si
1134 1445 1189 1490 au-

165 1539 304 1615 diamus
326 1540 572 1617 Brunnielaen
586 1540 767 1616 littoribus
784 1538 1011 1616 Martiniobae
1031 1558 1069 1615 et
1085 1540 1190 1614 Caro·

160 1662 263 1760 linae,
290 1663 460 1765 alibique.

211 1787 343 1862 Nescio
371 1813 415 1859 an
442 1788 479 1858 in
505 1802 600 1861 statu
620 1783 734 1860 fossili
755 1801 904 1888 reperta
924 1783 998 1888 jam
1020 1787 1091 1880 sit,
1112 1811 1190 1860 nam

164 1907 450 2004 Deua-Baete,
476 1908 779 1985 Milne-Edward
789 1964 805 1997 ,
831 1906 944 1982 altum
972 1906 1040 1982 bac
1072 1906 1119 1982 de
1152 1931 1187 1980 re

165 2030 346 2104 silentium
367 2047 576 2125 servarunt,
595 2046 734 2104 certum
755 2046 876 2104 tamen
900 2047 956 2104 est
975 2031 1014 2104 in
1033 2028 1136 2104 Italia
1155 2031 1188 2102 in

164 2154 286 2228 stratis
312 2155 599 2256 supracretaceis
625 2151 804 2234 medianis
829 2150 968 2230 adesse·
1096 2148 1098 2158 '

392 2399 687 2464 ANTIPATHES
715 2398 978 2462 conulem

580 2613 780 2665 LAMOROUX

438 2820 539 2868 uorrs
567 2794 679 2886 (Tah.
712 2823 755 2888 1,
768 2796 842 2893 fig.
870 2794 932 2893 5)

165 3001 344 3086 Auu'patbes
361 3019 458 3085 parce
480 3019 615 3078 ramosa,
636 3002 700 3062 osci
720 3000 903 3064 solidissimo
917 3003 1010 3087 spinis
1023 3002 1193 3080 numerosis,

353 3108 467 3190 sparsis
487 3107 627 3167 echinato
633 3133 645 3176 ,·
667 3109 776 3168 cortice
795 3109 884 3192 poris
905 3108 1009 3169 nullis.

167 3318 359 3379 Lomoroux.
382 3317 488 3402 Polyp.
509 3314 588 3378 Fles.
606 3337 682 3402 pag.
704 3318 776 3400 374.

167 3424 329 3485 Lamarck.
351 3424 449 3484 Anim.
470 3423 580 3485 Invert.
606 3444 617 3483 1
642 3436 671 3484 et
692 3445 709 3484 2
732 3422 805 3485 edit.
828 3437 900 3486 tom.
922 3446 951 3485 2.
969 3444 1045 3509 pag.
1067 3423 1139 3503 480.

221 3613 370 3688 Habitat
395 3615 430 3686 in
446 3608 592 3686 Oceani
618 3610 756 3687 Iudico.
783 3613 978 3715 Reperitur
999 3614 1037 3685 in
1060 3611 1190 3702 Sicilia,

172 3763 292 3839 prope
317 3737 543 3830 Dertonam,
571 3752 607 3810 et
637 3737 676 3809 in
711 3734 800 3810 colle
838 3736 1067 3808 Taurinensi.
1106 3739 1193 3808 Mus.

168 3860 283 3934 Paris.
315 3859 418 3932 Britt.
444 3861 574 3932 Vienn.
609 3875 677 3932 eet.
712 3858 855 3957 (riv.)
890 3856 1065 3934 Collectio
1105 3859 1194 3933 Mus.

173 3985 320 4060 Taurin.
350 3981 553 4058 Miobeiotti
578 3979 724 4081 (loss.)
