2716 4694
262 295 310 388 48

257 382 296 489 et
311 414 465 490 fortasse
480 440 626 517 quoque
645 418 680 489 in
694 417 904 518 nuperrimo
922 440 988 491 suo
1004 423 1239 518 actinomgrie
1253 435 1288 496 et
1311 470 1329 499 .·

257 537 545 640 zoophytologioe
572 538 801 613 documento.
1228 621 1230 625 Α

309 658 381 734 Sed
401 686 475 734 non
497 678 553 735 est
575 687 639 733 cur
657 659 720 733 diu
744 659 949 736 laboremus
968 663 1221 765 investigando
1243 690 1286 738 on

258 803 296 860 et
317 783 499 886 quomodo
528 799 609 884 apta
632 781 701 855 dici
724 784 840 885 possit
861 783 939 858 haec
967 787 1091 887 opinio
1118 785 1166 859 ad
1187 786 1287 859 indu-

260 906 413 983 cendum
434 931 555 979 veram
587 902 688 1005 hujus
709 903 888 1006 polyparii
910 909 1180 1008 cognitionem3
1202 907 1287 982 vidi-

259 1055 339 1104 mus
366 1031 400 1101 in
430 1027 632 1100 turbinolir's
654 1052 761 1098 unam
783 1025 948 1100 cellulam
981 1029 1017 1101 in
1039 1026 1117 1103 basi
1153 1055 1197 1104 ex
1218 1056 1288 1131 qua

261 1151 336 1225 aliae
374 1147 582 1252 profluunt3
609 1149 638 1220 si
675 1150 798 1248 itaque
835 1147 906 1222 hoo
944 1174 1069 1224 verum
1107 1167 1196 1247 est,
1237 1152 1289 1225 uti

259 1275 339 1375 ipsa
363 1271 564 1345 turbinolioe
592 1272 816 1371 investigatio
843 1269 1020 1365 declarat,
1042 1275 1189 1375 concipi
1216 1299 1315 1365 non*

255 1410 378 1497 potest
403 1409 522 1466 utrum
553 1418 624 1464 una
655 1393 701 1465 sit
732 1390 859 1465 cellula
890 1419 936 1464 on
975 1393 1124 1496 plures3
1152 1419 1285 1496 corpus

260 1518 297 1588 in
334 1513 457 1616 plures
490 1532 612 1615 partes
647 1512 770 1587 divide
812 1513 959 1588 lamellis
1004 1515 1085 1617 plus
1125 1519 1290 1591 minusve

258 1637 428 1712 consertis
442 1694 454 1731 ,
475 1635 628 1710 habebis
656 1635 804 1736 quidem
830 1635 927 1710 idem
955 1664 1087 1740 corpus
1102 1696 1113 1734 ‚
1139 1641 1287 1713 minime

258 1787 366 1834 unam
388 1759 573 1849 cellulam,
593 1758 711 1832 sedet
737 1757 872 1858 plures,
895 1786 977 1859 quae
1008 1763 1043 1833 in
1064 1787 1176 1835 unam
1198 1755 1303 1837 cons

260 1899 426 1975 currunt,
450 1880 548 1981 quod
576 1897 612 1953 et
638 1882 709 1980 ipsi
738 1885 926 1954 memorati
952 1884 1017 1954 viri
1043 1885 1082 1955 in
1108 1890 1285 1958 monticu-

257 2009 354 2078 loria
381 2003 530 2103 aliisque
558 2001 751 2103 generibus
778 2022 1038 2104 cognoverunt.

308 2124 424 2197 Multo
459 2122 640 2197 difficilius
676 2141 732 2197 est
765 2125 912 2219 Goldst,
933 2129 1288 2232 Lamoronxsopi-

259 2249 386 2322 niones
405 2247 500 2320 circa
518 2245 721 2319 libertatem
733 2246 941 2322 turbinolioe
962 2246 1141 2345 refellere,
1156 2267 1195 2324 et
1211 2277 1289 2324 eam

259 2369 471 2444 Lamarcln'i
491 2371 698 2459 sustinere,
720 2369 831 2468 idque
853 2371 1080 2470 potissimum
1097 2370 1291 2471 quodcum

258 2493 492 2566 turbinoliam
517 2492 695 2563 viventem
728 2517 987 2591 cognoscamus
1016 2491 1189 2590 quidem,
1217 2520 1288 2567 non

262 2632 382 2689 autem
425 2611 470 2686 de
499 2611 572 2712 ejus
596 2611 717 2713 polypi
741 2615 963 2684 mentionem
987 2632 1181 2707 occurrat,
1205 2612 1289 2689 hinc

260 2737 540 2838 praesumptione
564 2733 679 2805 ferme
707 2731 869 2806 ducimus
897 2737 1035 2832 magis,
1064 2762 1175 2835 quam
1201 2763 1287 2811 vera

259 2875 296 2930 et
322 2858 474 2957 genuina
501 2856 773 2954 investigatione
805 2856 895 2929 adeo
933 2859 968 2928 in
1005 2856 1289 2959 zoophytologia

262 2975 472 3077 exoptanda.
505 2974 590 3048 Non
611 2977 661 3047 ita
698 2992 817 3047 tamen
856 3003 1003 3076 semper
1033 2997 1108 3072 est3
1139 3008 1224 3054 nam
1258 2997 1294 3055 et

261 3097 458 3198 analythica
479 3094 648 3169 methodo
672 3097 775 3197 plura
799 3104 945 3198 assequi
968 3099 1062 3172 licet.

311 3223 404 3293 Sane
426 3223 457 3293 si
481 3245 563 3292 cum
589 3220 770 3292 Lamarek
799 3237 964 3321 putarem
986 3222 1195 3295 libertatem
1216 3239 1290 3299 tur·

260 3346 404 3418 binolice
431 3368 510 3414 eam
536 3370 556 3413 a
583 3344 709 3441 quovis
738 3341 805 3414 alio
835 3361 984 3444 recepto
1008 3371 1147 3444 genere
1172 3371 1293 3420 secer-

257 3494 366 3560 nere,
383 3467 453 3538 nisi
475 3463 694 3566 probaretur
716 3491 757 3535 ex
779 3482 884 3537 aetnte
908 3464 1059 3538 eandem
1081 3466 1288 3543 libertatem

259 3587 452 3692 pendere,
478 3585 565 3658 nihil
591 3585 744 3688 amplius
767 3585 861 3659 soret
888 3615 953 3659 cur
985 3586 1052 3659 hoc
1088 3615 1203 3688 genus
1240 3593 1291 3662 in-

261 3710 406 3784 firmare
432 3707 636 3803 valeamus,
660 3725 696 3782 et
721 3711 800 3810 ipse
828 3710 983 3809 primum
1013 3709 1233 3784 affirmarem
1257 3715 1293 3784 in

259 3829 453 3906 turbinem
478 3829 751 3932 caryophyllias
777 3857 851 3902 non
877 3833 1024 3925 venire,
1052 3848 1089 3905 et
1122 3834 1290 3907 vicissim.

309 3951 365 4029 Ad
377 3951 617 4028 inducendam
629 3952 758 4029 horum
768 3978 942 4054 generum
952 3955 1289 4032 communionemet
