2716 4694
132 303 137 313 ·
255 277 302 353 50
985 355 990 361 ,

250 401 346 473 rium
356 389 679 470 dummodocaeteri
690 388 918 468 characteres
928 397 1230 499 concurrant‚qui
1242 397 1286 472 ad

249 547 362 595 unum
372 515 429 593 vel
441 516 594 591 alterum
608 541 721 619 genus
733 517 849 590 consti
855 515 1029 591 tuendum
1037 520 1286 620 requiruntur.

298 643 382 718 Non
399 643 528 743 ignoro
536 638 708 740 denique,
722 637 930 713 libertatem
946 639 1203 716 locomotionis
1218 645 1287 719 vim

207 776 213 789 '
250 764 421 857 dimetiri,
435 778 546 863 atque
563 759 767 863 hujusmodi
784 759 935 836 facultas
953 763 992 836 in
1013 762 1157 865 polypis
1175 782 1287 840 atten-

248 885 368 963 denda
390 902 463 980 est3
481 884 548 958 sed
570 887 669 985 ipse,
692 911 774 958 cum
795 891 1048 960 locomotionis
1061 905 1288 963 momentum

246 1037 324 1086 non
345 1006 531 1102 auferam,
553 1023 663 1107 atque
696 1032 737 1080 ea
774 1009 917 1109 concipi
952 1033 1058 1109 acque
1095 1011 1219 1110 possit
1257 1012 1286 1087 si

246 1132 363 1209 soluta
385 1132 453 1225 sit,
475 1155 544 1202 nec
566 1155 657 1223 non3
680 1130 803 1230 potius
826 1130 862 1201 in
887 1127 1095 1225 tentaculis,
1116 1112 1230 1232 quam
1250 1135 1287 1207 in

243 1255 413 1329 universo
438 1249 627 1352 complexu
643 1250 823 1352 polyparii
846 1266 883 1323 et
899 1249 1039 1353 polypi,
1057 1268 1216 1352 quorum
1233 1271 1288 1330 est

246 1375 370 1450 firmas
393 1372 530 1447 habere
553 1375 753 1474 generatim
771 1370 891 1464 sedes,
908 1376 946 1446 ni
967 1391 1095 1449 ventus
1119 1391 1158 1450 et
1178 1375 1286 1452 undae

247 1497 405 1598 alioquin
424 1494 640 1598 disponant,
666 1521 746 1568 eam
759 1497 918 1597 reperiri
936 1494 1188 1594 contendens,
1214 1525 1285 1574 non

244 1618 363 1714 video,
390 1646 455 1693 cur
470 1644 515 1692 ex
538 1616 606 1690 hac
627 1616 816 1712 facultate,
839 1644 948 1718 quam
962 1620 1141 1719 integram
1166 1621 1286 1699 eidem

147 1805 153 1811 ,
245 1743 455 1843 relinquere
483 1756 641 1841 oportet,
670 1738 869 1842 quidquam
887 1743 1062 1815 contrarii
1078 1743 1284 1844 procedere

246 1864 413 1938 rideatur
440 1861 484 1935 ad
513 1863 742 1964 propositam
767 1863 968 1936 sectionem
993 1864 1202 1942 vitandam,

295 1987 318 2059 J
320 2013 378 2058 am
406 2001 525 2057 autem
542 1986 581 2057 in
598 1986 829 2082 grauwaclra
852 1983 1026 2060 habemus
1048 1988 1284 2080 turbinotraS,

245 2125 356 2209 atque
383 2105 594 2206 frequentes
622 2107 768 2179 suntin
794 2109 969 2182 Irlanda:
996 2111 1034 2181 in
1056 2113 1182 2185 stratis
1210 2141 1286 2187 car·

244 2228 418 2304 boniseris
439 2230 656 2322 Gotlondioe,
676 2229 913 2304 turbinoliom
929 2231 1170 2330 turbinatam,
1189 2234 1286 2309 ectri·

244 2368 391 2440 natam,
413 2352 700 2452 pyramulalem,
723 2357 929 2440 mitratum,
940 2352 1141 2453 sarratam
1157 2355 1281 2429 lauda·

244 2502 353 2569 mus3
381 2477 417 2546 in
459 2475 579 2547 stratis
608 2499 753 2573 quoque
792 2473 976 2547 zecltstein
1008 2475 1144 2550 indicia
1180 2476 1283 2580 hujus

246 2599 390 2699 generis
431 2597 678 2697 reperiuntur.
721 2596 759 2667 Si
810 2595 969 2697 Plzttttps
1013 2596 1199 2674 audiamus
1250 2603 1285 2673 in

244 2724 365 2793 stratis
397 2723 555 2792 nolitieis
583 2734 620 2790 et
639 2717 839 2792 turbinatio
857 2720 982 2819 dispar
1005 2719 1099 2793 adsit
1123 2739 1284 2824 oportet.

247 2840 387 2913 Eadem
413 2857 535 2912 autern
559 2844 707 2913 mitrata
733 2840 930 2913 turbinolia
965 2869 1047 2915 cum
1080 2844 1282 2917 turbinolia

245 2962 369 3059 tornigi
407 2964 462 3034 sui
504 2962 650 3061 copiam
689 2963 727 3033 in
770 2966 891 3036 stratis
926 2965 1102 3037 cretaceis
1132 2963 1285 3041 exhibet.

246 3085 387 3158 Caetera
414 3083 460 3156 ad
487 3085 729 3185 posteriorem
756 3101 919 3177 aetatem,
947 3085 1160 3162 videbimus.

296 3207 465 3306 Denique
504 3205 628 3307 figurae
666 3207 870 3280 turbinatio
897 3226 976 3280 tum
1011 3210 1286 3313 troclafformm,

246 3346 324 3404 tum
363 3335 537 3420 sutcotoe,
567 3355 656 3430 quas
697 3328 803 3403 nobis
843 3330 972 3404 tribuit
1012 3334 1163 3435 insignis
1203 3363 1287 3411 zoo-

242 3451 494 3554 phytlzologioe
524 3450 892 3543 cultorLamoroux,
904 3452 1188 3556 haudquaquam
1210 3475 1284 3530 tur-

248 3575 389 3648 binoliis
407 3576 644 3669 conveniunt,
669 3573 713 3647 de
737 3573 871 3675 quibus
895 3579 989 3677 egit3
1013 3605 1098 3650 nam
1121 3579 1286 3653 cellulam

247 3696 470 3789 medianam,
495 3714 531 3770 et
551 3695 769 3797 singularem
795 3697 893 3770 illam
910 3698 1135 3773 lamellarum
1162 3700 1284 3804 dispo·

248 3821 439 3912 sitionem,
466 3845 574 3920 quam
599 3819 761 3893 laudatus
788 3837 914 3893 auctor
936 3820 1097 3897 exhibuit
1130 3825 1168 3899 in
1208 3826 1282 3899 ico·

249 3942 354 4018 nibus
383 3944 454 4019 suis
470 4001 481 4040 ,
510 3944 657 4017 omnino
687 3941 945 4025 desideramus
