2716 4694
1156 306 1207 384 65

161 420 369 497 ,breviores
394 433 488 495 sunt
515 417 623 493 Stella
640 418 834 496 rotundato
851 437 919 516 est,
945 425 1071 501 nescio
1087 443 1209 507 utmm

175 542 307 647 plana,
334 568 380 616 an
405 540 617 644 margoejus
643 542 804 646 simplex3
830 543 1008 647 spiculum
1026 547 1156 623 elatum
1182 553 1209 626 6

177 662 294 739 radiis
321 662 522 767 praeditum.
559 666 614 736 Ex
639 663 706 738 hac
739 668 847 739 etiam
871 668 1067 743 turbinatio
1094 670 1211 772 liquet

178 787 328 889 concipi
366 811 440 859 non
465 811 590 888 posse,
618 812 690 887 qua
715 788 855 861 ratione
882 787 1090 884 adhaereat3
1120 795 1209 869 item

179 934 265 982 cum
289 907 488 982 turbinolia
513 915 657 981 sulcata
683 927 792 1010 atque
817 937 1023 1012 compressa
1052 912 1203 990 difficili·

179 1043 241 1103 tec
267 1028 461 1102 admodum
487 1031 657 1131 componi
684 1029 759 1104 haec
787 1030 979 1134 dispositio
997 1052 1130 1136 potest.

232 1149 419 1224 Habitat.
447 1203 456 1222 .
483 1204 493 1223 .
519 1151 717 1253 Reponitur
741 1153 777 1224 in
804 1155 950 1255 regione
976 1156 1170 1232 Alabama.

232 1274 329 1348 Mus.
355 1270 443 1347 Phil.
470 1272 586 1346 Instit.
613 1271 844 1351 Neu-lorck.
871 1274 1045 1352 Collectio
1071 1279 1162 1354 Lea.

419 1461 720 1524 TURBINOLIA
748 1461 971 1527 SINENSIS

644 1639 744 1688 NOBffl

187 1758 282 1821 Testa
296 1756 454 1835 obconica‚
465 1753 679 1840 subdepresso,
691 1757 826 1818 lantellis
840 1758 1014 1839 innumeris,
1030 1760 1209 1844 aquatius,

218 1863 382 1931 obsoletam
405 1861 626 1940 saliuncula,
643 1862 834 1946 planulata,
855 1864 923 1924 basi
941 1877 1045 1928 acuta.

233 2003 271 2075 Si
295 2003 531 2076 turbinoliom
558 2004 736 2103 excogites
764 2001 861 2103 cujus
888 2002 984 2079 basis
1010 2009 1058 2080 sit
1083 2022 1207 2101 acuta,

182 2152 267 2227 quae
289 2124 531 2226 subtlepressa
559 2126 621 2219 sit,
648 2123 1013 2201 infundiliulisormem
1044 2146 1209 2204 naturam
1261 2218 1265 2225 Ι

181 2250 279 2322 circa
304 2247 445 2322 stellam
471 2245 608 2341 induat,
634 2243 731 2346 cujus
758 2246 906 2322 lamellae
932 2247 988 2322 vel
1014 2268 1125 2324 coslae
1152 2273 1208 2323 ex·

180 2386 237 2444 tus
265 2369 465 2443 obliteratae
491 2368 635 2469 planam
652 2370 752 2469 quasi
770 2367 1000 2469 superficiem
1020 2368 1208 2444 exhibeant

180 2490 367 2567 stellamve
394 2490 645 2593 planulatam‚
672 2507 840 2583 ovatam,
878 2489 1099 2592 peculiarem
1125 2517 1208 2591 pro·

180 2612 239 2688 cul
279 2611 390 2686 dubio
433 2615 592 2711 speciem
629 2609 778 2684 habebis
796 2668 808 2704 ,
835 2612 891 2683 cui
918 2636 1051 2684 novum
1076 2636 1209 2686 nomen

178 2736 344 2836 corporis
357 2791 368 2825 ‚
395 2731 493 2834 quotl
520 2731 664 2806 exhibet
690 2730 912 2806 similitudini
937 2749 1205 2834 comparatum,

180 2853 415 2931 tribuendum
441 2878 520 2927 esse
548 2855 679 2955 putavi.

228 2976 380 3050 Habitat
406 3029 415 3049 .
438 3027 448 3046 .
471 3029 479 3047 .
504 2975 699 3076 Reperitur
723 2977 760 3047 in
787 2974 879 3050 colle
905 2975 1130 3050 Taurinensi.

226 3100 322 3175 Mus.
355 3097 501 3170 Tauria.
529 3094 707 3170 Collectio
732 3095 914 3170 Rocteca
928 3153 943 3185 ,
967 3097 1181 3172 Michelottt’.

405 3259 697 3324 TllltBthlttn
723 3258 995 3325 BASOCHESH

606 3435 789 3484 DEFRANCE

184 3570 274 3634 Testa
305 3587 503 3654 compressa,
530 3569 620 3632 brevi
633 3597 647 3641 ,·
676 3572 743 3633 basi
774 3583 891 3640 ασκεω
928 3568 1061 3632 lamellis
1089 3565 1205 3633 crebris.

197 3677 391 3737 minutissime
412 3687 619 3760 exasperata‚·
640 3677 730 3737 stella
751 3676 882 3756 lineari,
903 3677 1041 3759 margine
1061 3673 1201 3759 simplici.

197 3823 359 3909 Deli-once.
382 3822 509 3884 Dictioo.
531 3821 585 3884 dea
606 3823 713 3884 scieoc.
734 3832 834 3882 natur.
855 3833 927 3884 tom.
948 3820 1000 3884 56.
1017 3839 1093 3908 pag.
1114 3819 1166 3902 94.

199 3928 351 3993 Edward.
373 3927 458 3990 auct.
478 3925 518 3990 ad
537 3925 686 3989 Lamarck
706 3937 779 3989 tom.
800 3945 830 3988 α.
846 3944 922 4010 pag.
943 3924 1017 4002 364.

980 4027 996 4079 ⁵
