2716 4694
1148 353 1193 402 21

170 441 336 518 nonnulli
370 439 618 534 contendunt3
651 467 808 544 quorum
839 459 959 518 tamen
991 446 1198 548 opinionem

169 565 229 639 alii
256 582 439 666 tamquam
464 591 533 666 pro
555 565 626 638 aris
649 581 687 639 et
706 562 797 640 locis
820 583 999 641 certantes
1022 570 1198 645 acerrime

169 687 339 790 rejiciunt
366 687 432 784 (ι).
462 742 465 747 -
1237 678 1240 683 ’

219 811 316 900 Nos,
341 811 386 882 iis
413 805 550 880 relictis
573 805 804 907 ambagibus,
826 824 992 882 notamus
1015 835 1093 883 eam
1117 836 1196 886 esse

170 934 359 1004 materiam
392 925 594 1028 hujusmodi
628 927 804 1030 polyparii
833 946 874 1002 ut
904 933 976 1022 vix,
1004 934 1198 1035 excogitari
1243 930 1247 937 ’

170 1051 261 1154 quid
286 1052 427 1154 possit,
454 1047 554 1151 quod
579 1048 807 1151 laevigationis
835 1068 872 1124 et
895 1051 1078 1126 industriae
1101 1052 1198 1154 adju·

170 1176 303 1248 mentis
342 1175 379 1244 in
418 1189 470 1246 tot
510 1189 654 1271 tamque
681 1174 798 1245 varios
823 1198 908 1246 usus
943 1193 1196 1272 convertatur,

168 1294 267 1367 unde
295 1296 522 1395 aptissimum
546 1319 677 1366 nomen
687 1351 698 1386 ,
720 1299 843 1391 gloria
874 1300 984 1366 maris
1015 1323 1034 1366 a
1067 1300 1195 1397 graecis

168 1419 409 1517 excogitatum
443 1414 562 1488 cidem
595 1416 760 1516 apprime
781 1419 973 1516 congruit.
1000 1421 1031 1489 A
1059 1419 1194 1520 polypo

167 1537 371 1631 ordientes,
397 1535 569 1610 habemus
597 1535 855 1638 corpusrubri
882 1536 1032 1632 coloris,
1058 1557 1095 1612 et
1121 1557 1196 1615 ten·

166 1660 286 1733 tacula
313 1684 444 1761 gerens
472 1657 577 1752 alba,
613 1657 856 1752 translucida,
887 1659 935 1730 ita
969 1677 1009 1732 ut
1043 1679 1194 1762 aperta,

165 1800 203 1856 et
230 1783 341 1855 effusa
369 1780 627 1854 nobilissimam
652 1779 787 1882 syderis
819 1779 972 1887 formam
1005 1783 1193 1877 exhibeat,

164 1905 256 1976 mari
279 1921 399 1976 autem
421 1902 616 1975 deductum
637 1900 821 1999 floridum,
840 1919 878 1977 et
902 1920 1085 2005 tamquam
1106 1932 1191 1980 can·

169 2024 244 2098 didi
272 2025 378 2099 lactei
404 2041 504 2125 gutta
530 2023 638 2098 cadit.

216 2149 266 2221 Os
294 2163 413 2220 autem
439 2145 625 2219 tentaculis
653 2162 889 2240 coronatum,
917 2174 1000 2247 quae
1030 2148 1192 2224 canalem

163 2271 350 2342 internum
364 2293 510 2368 quoque
529 2266 738 2358 ostendunt,
752 2267 981 2340 rotundatum
998 2287 1191 2370 est,neque

162 2389 269 2463 lineae
292 2388 552 2490 longitudinem
575 2388 730 2462 excedit:
753 2387 798 2460 ad
821 2388 932 2460 latera
953 2389 1082 2462 adsunt
1105 2389 1191 2463 duo·

163 2511 282 2586 decim
299 2514 410 2605 striae,
426 2525 507 2611 qua‘e
523 2536 653 2612 corpus
672 2513 709 2580 in
724 2527 776 2582 tot
789 2527 911 2609 partes
930 2535 1121 2583 secernere
1144 2513 1191 2584 vi·

161 2633 315 2707 dentur:
338 2635 388 2705 ita
411 2631 566 2732 denique
590 2630 711 2736 polypi
734 2629 916 2730 conjuncti
938 2649 1134 2732 apparent,
1149 2649 1190 2707 ut

160 2760 410 2856 unusquisqne
433 2755 478 2826 ad
501 2754 799 2856 perpendiculum
820 2755 928 2826 instet
952 2756 1019 2848 axi,
1042 2752 1189 2856 eiusque

159 2876 395 2951 abdominalis
419 2878 570 2969 cavitas,
588 2879 786 2950 communis
811 2877 991 2977 portionis
1015 2877 1187 2951 corticale

159 2997 390 3072 involucrum
412 2998 757 3091 constituens,latius
775 2999 925 3071 interius
944 3014 1075 3098 pateat.
1092 2999 1189 3072 Sulci

160 3146 203 3194 ex
225 3118 393 3222 pedioillo
416 3121 591 3219 originem
614 3117 764 3213 ducunt,
787 3137 896 3218 atque
920 3121 1077 3193 vicissim
1104 3135 1188 3193 sunt

158 3239 504 3343 perpendiculares;
536 3243 573 3313 iu
599 3239 832 3313 adultioribus
859 3242 993 3333 ramis,
1017 3266 1126 3340 quam
1151 3242 1188 3314 in

157 3362 425 3436 recentioribus
456 3379 539 3436 sunt
568 3365 754 3464 potiores,
784 3365 808 3434 ii
841 3361 940 3462 plani
972 3386 1044 3433 non
1080 3377 1187 3458 sunt,

158 3485 223 3560 sed
246 3484 474 3585 inaequaliter
496 3483 718 3584 respondent
735 3483 917 3585 systemati
939 3483 1130 3578 vasculari,
1151 3486 1187 3556 vi

156 3605 256 3708 cuius
280 3608 554 3679 communicatio
572 3609 796 3680 internarios
815 3605 965 3707 polypos
981 3604 1185 3680 intercedit.

209 3729 289 3803 Nec
316 3729 629 3830 praetermittenda
656 3755 737 3831 quae
761 3744 955 3804 occurrunt
976 3729 1012 3800 in
1035 3729 1186 3825 orariis,

182 3997 227 4070 (ι)
245 3997 329 4056 Cedet
344 3999 378 4056 dc
396 4000 557 4056 Gorsicourt.
574 3999 693 4055 Diction
713 3999 758 4053 des
775 3997 872 4055 temno.
890 3999 986 4055 mddic.
1007 3999 1080 4054 Tem.
1098 4016 1125 4069 7.
