2716 4694
171 302 330 508 {alifiae
351 423 464 487 Petrei.
485 425 586 487 Germ.
606 427 624 499 (
635 421 805 485 turbiaalia
818 421 1054 508 complanata.)
1170 400 1178 410 ⁸

221 552 438 626 Tarbinolia
470 548 702 637 Basoaliesii,
723 574 833 650 quam
851 547 919 622 alio
951 550 1102 623 nomine
1117 564 1195 626 tar·

168 677 337 751 blnolt'am
362 681 632 776 complanatam
664 671 818 772 Goldsus
840 673 996 766 vocavit,
1022 669 1154 746 itidem
1177 700 1197 746 a

167 799 360 896 Blainrille
391 821 607 896 compressa
646 795 857 868 turbinolioe
883 819 1083 896 perperam
1108 821 1194 868 eon·

164 911 1193 1021 juncta,singularemcyatiformemfiguram,depressam,

165 1041 288 1114 multis
331 1041 440 1113 costis
473 1036 796 1112 lametii-sormibus
833 1055 1032 1129 exaratam,
1061 1065 1192 1140 easque

166 1161 224 1236 vel
249 1161 430 1263 simplices
458 1160 514 1234 vel
540 1159 740 1234 crenulatas
768 1158 933 1255 exhibet3
959 1160 1064 1235 stella
1088 1161 1191 1236 linea-

164 1284 216 1358 ris
244 1300 329 1378 est,
354 1309 480 1386 mergo
506 1281 666 1382 simplex.
954 1266 971 1285 ⁹

214 1404 397 1479 Habitat.
423 1456 433 1478 .
459 1457 470 1481 .
496 1405 691 1506 Reperitur
717 1429 833 1505 prope
855 1405 992 1506 Frejar
1007 1407 1045 1476 in
1064 1403 1187 1478 Gallia.

211 1529 305 1602 Mus.
331 1529 482 1629 Brittan.
507 1528 620 1603 Paris.
645 1525 765 1601 Berol.
794 1524 968 1602 Collectio
996 1528 1185 1615 Mialrelt'a,

166 1647 386 1747 Desranae,
414 1645 496 1724 eet,

405 1909 699 1975 rurmaoam
728 1911 950 1975 euram

531 2138 536 2147 .
569 2124 571 2129 ·
597 2058 761 2149 (topatus

170 2252 355 2321 Tarbiaolla
390 2254 725 2340 alcanica-compressa
755 2303 764 2337 ,
800 2257 933 2320 lamellis
965 2258 1181 2341 lateralibus,

199 2360 416 2443 inequalibas,
430 2361 589 2441 obsoletis,
611 2362 797 2442 majoribus,
810 2364 1002 2443 rarioribus,
1022 2367 1113 2428 stella
1132 2368 1182 2431 ab·

197 2466 303 2548 longa,
315 2469 452 2549 margine
469 2489 503 2529 12
521 2481 576 2529 aot
593 2467 629 2529 16
645 2468 757 2528 vicibus
768 2482 863 2552 septo.-
879 2469 946 2530 basi
961 2490 1023 2532 aon
1037 2474 1180 2534 revalata.

180 2629 322 2712 Goldsus.
346 2632 517 2693 Petrelacta
539 2634 640 2693 Germ.
658 2652 733 2715 pag.
756 2632 806 2693 53.
828 2634 891 2693 tab.
918 2635 965 2710 14.
985 2633 1038 2716 fig.
1058 2657 1090 2718 9⁴.

175 2735 350 2795 Blat'nrille.
373 2736 504 2797 Manuel.
526 2737 646 2797 d'actin.
665 2759 740 2818 pag.
762 2740 833 2814 342.

175 2835 441 2900 Mitte-Edward.
463 2841 548 2901 Auct.
570 2841 609 2900 ad
631 2843 794 2904 Lamarclr.
817 2857 888 2905 tom.
911 2866 940 2905 2.
959 2865 1034 2929 pag.
1050 2845 1121 2908 363.

208 3080 421 3183 Disputatur
434 3109 478 3157 an
495 3085 692 3162 turbinatio
703 3091 895 3163 sexdecim
905 3105 1083 3165 vastatae
1103 3095 1184 3168 Gol-

160 3199 222 3304 affi)
249 3221 449 3278 memorata
475 3233 559 3280 cum
584 3206 651 3282 hac
679 3213 883 3304 conveniat3
911 3211 976 3286 sed
993 3217 1183 3288 convenire

163 3323 291 3424 procul
317 3323 444 3417 dubio,
470 3327 633 3402 indicant
658 3332 871 3421 varietates,
899 3359 986 3433 quas
1014 3332 1182 3410 habemus

161 3446 197 3518 in
215 3446 414 3521 turbinolia
436 3465 609 3523 cuneata.

208 3567 393 3643 Habitat.
420 3623 461 3643 ..
493 3573 690 3674 Reperitur
727 3575 764 3648 in
790 3578 1008 3674 Pyrronem,
1041 3581 1079 3654 in
1101 3606 1183 3683 agro

158 3685 380 3785 vicentino,
407 3709 443 3766 et
469 3693 625 3767 Astensi.

208 3800 301 3885 Mus.
327 3813 442 3888 Paris.
477 3832 514 3891 et
540 3816 687 3892 Tauria.
715 3818 891 3896 Collectio
919 3822 1054 3916 Goldfi.
