2716 4694
490 419 863 497 ANTIPATHES

410 662 584 766 jeannes,
610 690 740 762 essen,
765 688 936 740 usunucn

162 911 366 996 Polypcrium
380 907 497 988 hum,
512 908 870 990 subdendroideum,a:ci
877 904 1016 990 centrali,
1029 922 1192 997 crustaque

198 1013 432 1098 corticisarmis,
453 1014 585 1075 evanida
606 1029 635 1076 et
656 1015 787 1077 decidua
808 1016 1017 1099 compositum.

164 1121 243 1182 Axis
265 1120 332 1181 basi
351 1120 537 1203 explanatus
566 1133 595 1180 et
614 1121 722 1203 fixus,
749 1122 940 1200 caulcscens,
970 1119 1188 1200 sabramosus,

197 1227 315 1285 uitreas
334 1224 464 1303 solidas,
474 1223 612 1308 flexilis,
633 1228 726 1310 spinis
747 1227 866 1308 exiguis
886 1246 962 1308 soepc
983 1226 1129 1286 mumius.

163 1331 274 1392 Crusta
294 1331 484 1412 gelatinosa,
500 1329 707 1415 pomifera,
726 1330 918 1414 florescens,
939 1332 971 1390 in
998 1332 1071 1392 vivo
1099 1349 1191 1392 anem

198 1456 361 1522 ramosque
395 1437 544 1516 vestiens,
579 1438 612 1496 in
639 1438 849 1520 speciminibus
878 1457 920 1498 ex
946 1455 1033 1521 aqua
1069 1437 1192 1498 emersu

202 1541 345 1603 evanida.

157 1648 273 1730 Polypi
293 1647 406 1729 ignoti,
426 1647 548 1727 calyces
568 1665 686 1710 cornea
704 1648 792 1731 stirpi
805 1645 966 1709 insidentes
977 1645 1190 1710 subrutum.

214 1880 506 1955 Sertulariarnm
530 1878 698 1953 familiam
723 1875 792 1953 hoe
819 1905 956 1981 genere
979 1878 1189 1983 complere,

162 2000 281 2103 quoad
302 2000 530 2102 geologicam
550 2017 691 2078 aetatem
712 2019 874 2076 nostram
895 2002 1048 2098 attinet,
1071 2001 1192 2076 credi·

162 2148 267 2218 mus,
293 2123 337 2197 iis
365 2122 558 2196 enucleatls
573 2181 583 2217 ,
610 2150 692 2224 quae
719 2122 765 2196 ad
797 2122 1019 2226 antipathem
1054 2151 1189 2227 cogno·

164 2243 336 2319 scendum
368 2247 612 2344 requiruntur.
645 2246 764 2346 Atque
797 2244 842 2319 ad
878 2243 968 2319 illud
1006 2246 1107 2346 quod
1145 2248 1191 2321 sit

163 2364 253 2459 fixa,
292 2364 607 2462 subtlendroidea,
650 2365 749 2467 quod
781 2383 900 2440 crusta
935 2366 1188 2442 corticisormis

165 2487 333 2580 evanida,
352 2488 560 2591 polypifera,
574 2488 663 2561 nihil
679 2488 858 2591 singulare
873 2488 1037 2583 affertur3
1053 2492 1190 2592 agimus

164 2613 259 2682 enim
284 2609 329 2682 de
351 2613 393 2683 iis
417 2609 712 2706 characteribus,
735 2614 797 2711 qui
823 2637 928 2711 aeque
954 2617 1125 2702 coralite,
1152 2640 1193 2686 ac

164 2729 345 2830 antipatln
370 2749 546 2831 prosunt;
575 2733 620 2804 de
648 2733 728 2806 aliis
757 2760 831 2805 non
863 2735 961 2806 item.
986 2735 1117 2807 Vitrea
1148 2736 1193 2810 si·

166 2850 313 2950 quidem
341 2850 497 2923 fractura
508 2906 519 2943 ,
548 2855 715 2924 coritinua
736 2856 884 2927 materia
906 2880 975 2955 per
996 2871 1108 2928 strata
1126 2856 1193 2931 dis·

165 2972 298 3071 posita,
326 2997 442 3070 eaque
464 2974 699 3047 minutissima
722 2975 857 3048 indicia
878 2975 1052 3049 linearum
1073 2976 1192 3052 feren·

168 3094 232 3184 tia,
252 3089 347 3163 unde
371 3091 529 3192 ejusdem
553 3094 785 3195 amplificatio
806 3096 973 3170 facillime
992 3098 1193 3202 detegitur,

165 3214 280 3314 spinae
300 3231 475 3315 praeterea
493 3215 584 3290 adeo
605 3217 813 3318 frequentes
832 3221 868 3292 in
885 3221 1092 3322 antipathe,
1111 3249 1193 3323 quae

165 3359 207 3408 ex
224 3360 285 3408 axe
308 3336 515 3438 procedunt
536 3339 646 3412 modo
668 3340 925 3442 irregulariter,
946 3341 1055 3416 modo
1079 3345 1117 3416 in
1140 3372 1194 3417 er-

165 3454 285 3528 dinem
304 3456 511 3560 dispositae,
528 3460 726 3536 flexibilitas
749 3491 932 3536 ramorum
953 3467 990 3537 in
1013 3468 1192 3565 primaevis

165 3578 411 3677 temporibus,
435 3582 630 3656 ostendunt
653 3601 727 3657 tum
750 3584 973 3682 discrimina,
997 3613 1077 3687 quae
1101 3590 1195 3662 inter

164 3696 229 3768 alia
247 3725 400 3799 genera,
423 3719 459 3775 et
480 3706 701 3805 antipathem
719 3709 885 3802 existunt,
904 3725 979 3780 turn
995 3711 1194 3812 antipathes

164 3822 354 3918 genuinam
365 3822 682 3918 indolemQuoties
693 3830 798 3928 igitur
812 3827 856 3902 de
866 3830 1057 3930 antipatlne
1071 3859 1193 3906 sermo

164 3943 244 4037 erit,
261 3943 484 4022 attendamus
503 3967 638 4025 naturae
656 3951 832 4048 materiei,
849 3949 1024 4031 fiuctibus
1035 4010 1045 4050 ,
1064 3957 1193 4051 remis,
