2716 4694
490 420 852 497 TURBINOLIA

341 708 522 782 taunucus,
542 709 756 784 ¹ratuououu²
782 670 1008 767 surtuvrmn.

160 949 356 1034 Paliparirtm
371 947 541 1034 lapideum,
553 951 711 1036 simplam,
723 952 910 1013 turbinatam
922 954 976 1014 uel
989 953 1188 1038 cruciforme,

201 1069 292 1117 extus
314 1054 580 1137 longitudinaliter
601 1059 740 1118 striatam
755 1060 809 1118 vel
822 1073 971 1120 castatum
984 1108 993 1140 ,
1008 1061 1074 1122 basi
1088 1075 1192 1125 acuta.

157 1163 262 1225 Stella
277 1163 382 1241 unica,
397 1163 509 1240 uaria,
528 1163 851 1227 axillam-terminalis
871 1167 1030 1229 lamellosa
1048 1168 1189 1248 stellata,

196 1267 386 1350 marginibus
406 1269 561 1348 crematis,
578 1281 683 1332 centro
705 1285 821 1334 exerta.

212 1517 269 1590 De
300 1542 344 1591 eo
371 1541 506 1618 genere
531 1513 640 1589 modo
663 1512 770 1588 nobis
793 1513 973 1615 agendum
996 1535 1071 1613 est,
1093 1519 1194 1621 quod

159 1639 227 1716 suit
243 1638 397 1713 relatum
412 1637 457 1710 ab
472 1635 546 1737 ejus
564 1654 712 1709 auctore
739 1637 834 1708 inter
860 1637 1046 1740 polyparia
1072 1641 1192 1716 lamel-

159 1761 280 1853 lisera,
299 1762 393 1834 inter
413 1759 701 1861 madrepltyllaa
723 1787 744 1830 a
766 1761 977 1857 Bramme,
1000 1778 1038 1836 et
1057 1761 1188 1838 antho-

156 1889 286 1986 pyllt'is
312 1911 332 1955 a
360 1881 495 1982 Goldfi)
523 1907 620 1984 saepe
642 1879 860 1982 adjunctum.

212 2005 341 2079 Plures
381 2006 544 2078 oriuntur
583 2003 712 2104 procul
738 2001 848 2076 dubio
874 2007 991 2105 gravis
1018 2009 1194 2080 momenti

165 2129 377 2227 questiones
399 2128 496 2200 cirea
519 2125 750 2213 turbimolias,
768 2150 920 2226 quarum
947 2152 1085 2201 summa
1111 2126 1191 2202 haec

166 2265 234 2323 est.
266 2247 315 2328 1.⁰
342 2251 494 2323 Constat
517 2273 564 2321 ne
588 2272 629 2321 ex
645 2274 737 2341 uno,
760 2247 816 2320 vel
838 2247 1001 2347 pluribus
1025 2250 1193 2352 polypis?

168 2370 221 2444 αἶ’
248 2371 371 2445 Unam
408 2396 479 2466 ne,
520 2396 566 2442 an
606 2369 728 2472 plures
756 2368 899 2442 cellulas
925 2368 1104 2448 fatemur?
1142 2370 1195 2445 3.⁰

165 2491 254 2593 Ejus
294 2492 444 2566 libertas
470 2490 617 2564 fortuita
654 2517 701 2563 ue
743 2506 821 2580 est,
850 2516 896 2562 an
922 2490 1039 2563 eidem
1065 2495 1195 2592 generi

165 2615 338 2718 propria?
364 2612 442 2688 Ubi
468 2613 547 2688 haen
570 2614 690 2687 omnia
713 2611 808 2685 clara
829 2613 867 2683 in
888 2611 968 2685 lnce
990 2631 1173 2713 ponantur
1179 2672 1191 2710 ‚

165 2763 240 2811 non
264 2740 336 2812 erit
356 2764 421 2811 eur
442 2735 503 2810 diu
525 2737 702 2838 ancipites
726 2733 947 2829 haereamus3
969 2732 1113 2810 firmum
1134 2735 1195 2810 hn-

166 2858 336 2934 bebimus
376 2883 489 2961 genus
538 2857 584 2931 ad
621 2856 714 2932 hanc
747 2855 844 2929 diem
876 2856 1077 2931 traditionis
1106 2884 1192 2960 ergo

164 2979 417 3056 tantummodo
445 2996 653 3075 servatum,
678 2981 823 3052 maximi
847 2981 884 3052 in
912 2979 1089 3081 geologiae
1116 3008 1195 3054 mo·

167 3106 310 3197 menti,
335 3102 392 3178 vel
418 3104 703 3204 antiquissimam
725 3119 870 3202 spectes
896 3101 999 3203 hujus
1033 3105 1197 3177 scientiae

166 3225 358 3301 historiam
384 3226 430 3299 ad
457 3251 537 3299 eam
563 3218 712 3317 diluvii,
739 3226 813 3298 imo
840 3223 887 3297 ad
913 3223 1006 3298 hane
1032 3241 1196 3298 nostram
1225 3218 1228 3223 ⁴

168 3347 429 3451 perveniendo.

216 3468 275 3542 Ad
295 3472 451 3570 primam
472 3471 711 3570 quaestionem
735 3467 834 3569 quod
856 3471 999 3562 attinet,
1016 3465 1098 3540 dnae
1115 3484 1201 3542 sunt

168 3593 388 3694 opiniones3
416 3590 568 3692 putabat
603 3592 811 3683 Lamarels,
850 3617 933 3663 cnm
972 3613 1089 3692 eoque
1130 3616 1199 3666 uu-

167 3739 269 3787 mero
296 3712 445 3814 plures,
471 3711 758 3806 murannimal,
785 3712 952 3786 videlicet
981 3739 1093 3786 unum
1130 3739 1197 3814 po-

167 3833 291 3936 lypum
313 3836 478 3908 suffieere
500 3812 799 3908 ad‘titrbt'nolt‘am
821 3833 1075 3928 extruendam3
1096 3831 1199 3906 ideo·-

165 3981 238 4062 que
264 3957 312 4030 ita
345 3958 480 4051 sensit,
508 3959 592 4058 quia
622 3983 694 4030 uua
726 3953 829 4030 stella
859 3957 1085 4055 reperiatur,
1111 3952 1198 4028 licet
